@inproceedings{Delugach:2007:EPW:1324237.1324243,
 author = {Delugach, Harry S.},
 title = {An Evaluation of the Pragmatics of Web-based Bug Tracking Tools},
 booktitle = {Proceedings of the 2Nd International Conference on Pragmatic Web},
 series = {ICPW '07},
 year = {2007},
 isbn = {978-1-59593-859-6},
 location = {Tilburg, The Netherlands},
 pages = {49--55},
 numpages = {7},
 url = {http://doi.acm.org/10.1145/1324237.1324243},
 doi = {10.1145/1324237.1324243},
 acmid = {1324243},
 publisher = {ACM},
 address = {New York, NY, USA},
 keywords = {conceptual graphs, process models, software issue tracking},
}

@inproceedings{Cavalcanti:2013:TUS:2460999.2461028,
 author = {Cavalcanti, Yguarat\~{a} Cerqueira and da Mota Silveira Neto, Paulo Anselmo and do Carmo Machado, Ivan and de Almeida, Eduardo Santana and de Lemos Meira, Silvio Romero},
 title = {Towards Understanding Software Change Request Assignment: A Survey with Practitioners},
 booktitle = {Proceedings of the 17th International Conference on Evaluation and Assessment in Software Engineering},
 series = {EASE '13},
 year = {2013},
 isbn = {978-1-4503-1848-8},
 location = {Porto de Galinhas, Brazil},
 pages = {195--206},
 numpages = {12},
 url = {http://doi.acm.org/10.1145/2460999.2461028},
 doi = {10.1145/2460999.2461028},
 acmid = {2461028},
 publisher = {ACM},
 address = {New York, NY, USA},
 keywords = {bug tracking, bug triage, change request assignment, issue tracking, software maintenance},
}

@inproceedings{Anvik:2006:FTB:1134285.1134336,
 author = {Anvik, John and Hiew, Lyndon and Murphy, Gail C.},
 title = {Who Should Fix This Bug?},
 booktitle = {Proceedings of the 28th International Conference on Software Engineering},
 series = {ICSE '06},
 year = {2006},
 isbn = {1-59593-375-1},
 location = {Shanghai, China},
 pages = {361--370},
 numpages = {10},
 url = {http://doi.acm.org/10.1145/1134285.1134336},
 doi = {10.1145/1134285.1134336},
 acmid = {1134336},
 publisher = {ACM},
 address = {New York, NY, USA},
 keywords = {bug report assignment, bug triage, issue tracking, machine learning, problem tracking},
}

@inproceedings{Herraiz:2008:TSB:1370750.1370786,
 author = {Herraiz, Israel and German, Daniel M. and Gonzalez-Barahona, Jesus M. and Robles, Gregorio},
 title = {Towards a Simplification of the Bug Report Form in Eclipse},
 booktitle = {Proceedings of the 2008 International Working Conference on Mining Software Repositories},
 series = {MSR '08},
 year = {2008},
 isbn = {978-1-60558-024-1},
 location = {Leipzig, Germany},
 pages = {145--148},
 numpages = {4},
 url = {http://doi.acm.org/10.1145/1370750.1370786},
 doi = {10.1145/1370750.1370786},
 acmid = {1370786},
 publisher = {ACM},
 address = {New York, NY, USA},
 keywords = {bug report, bug tracking system, eclipse, msr challenge},
}

@inproceedings{Chawla:2015:AAB:2723742.2723751,
 author = {Chawla, Indu and Singh, Sandeep K.},
 title = {An Automated Approach for Bug Categorization Using Fuzzy Logic},
 booktitle = {Proceedings of the 8th India Software Engineering Conference},
 series = {ISEC '15},
 year = {2015},
 isbn = {978-1-4503-3432-7},
 location = {Bangalore, India},
 pages = {90--99},
 numpages = {10},
 url = {http://doi.acm.org/10.1145/2723742.2723751},
 doi = {10.1145/2723742.2723751},
 acmid = {2723751},
 publisher = {ACM},
 address = {New York, NY, USA},
 keywords = {Bug Categorization, Bug Repository, Fuzzy Logic},
}

@inproceedings{Bhattacharya:2011:BTP:1985441.1985472,
 author = {Bhattacharya, Pamela and Neamtiu, Iulian},
 title = {Bug-fix Time Prediction Models: Can We Do Better?},
 booktitle = {Proceedings of the 8th Working Conference on Mining Software Repositories},
 series = {MSR '11},
 year = {2011},
 isbn = {978-1-4503-0574-7},
 location = {Waikiki, Honolulu, HI, USA},
 pages = {207--210},
 numpages = {4},
 url = {http://doi.acm.org/10.1145/1985441.1985472},
 doi = {10.1145/1985441.1985472},
 acmid = {1985472},
 publisher = {ACM},
 address = {New York, NY, USA},
 keywords = {bug report triage, bug-fix time, issue tracking, statistical model},
}

@inproceedings{Yongpisanpop:2014:BIS:2591062.2591125,
 author = {Yongpisanpop, Papon and Hata, Hideaki and Matsumoto, Kenichi},
 title = {Bugarium: 3D Interaction for Supporting Large-scale Bug Repositories Analysis},
 booktitle = {Companion Proceedings of the 36th International Conference on Software Engineering},
 series = {ICSE Companion 2014},
 year = {2014},
 isbn = {978-1-4503-2768-8},
 location = {Hyderabad, India},
 pages = {500--503},
 numpages = {4},
 url = {http://doi.acm.org/10.1145/2591062.2591125},
 doi = {10.1145/2591062.2591125},
 acmid = {2591125},
 publisher = {ACM},
 address = {New York, NY, USA},
 keywords = {3D Interaction, big data, bug tracking, software visualization},
}

@inproceedings{Gupta:2014:NMB:2590748.2590749,
 author = {Gupta, Monika and Sureka, Ashish},
 title = {Nirikshan: Mining Bug Report History for Discovering Process Maps, Inefficiencies and Inconsistencies},
 booktitle = {Proceedings of the 7th India Software Engineering Conference},
 series = {ISEC '14},
 year = {2014},
 isbn = {978-1-4503-2776-3},
 location = {Chennai, India},
 pages = {1:1--1:10},
 articleno = {1},
 numpages = {10},
 url = {http://doi.acm.org/10.1145/2590748.2590749},
 doi = {10.1145/2590748.2590749},
 acmid = {2590749},
 publisher = {ACM},
 address = {New York, NY, USA},
 keywords = {empirical software engineering and measurements, issue tracking system, mining software repositories, open-source software, process mining, software maintenance},
}

@inproceedings{Liu:2012:TBR:2393596.2393628,
 author = {Liu, Kaiping and Tan, Hee Beng Kuan and Chandramohan, Mahinthan},
 title = {Has This Bug Been Reported?},
 booktitle = {Proceedings of the ACM SIGSOFT 20th International Symposium on the Foundations of Software Engineering},
 series = {FSE '12},
 year = {2012},
 isbn = {978-1-4503-1614-9},
 location = {Cary, North Carolina},
 pages = {28:1--28:4},
 articleno = {28},
 numpages = {4},
 url = {http://doi.acm.org/10.1145/2393596.2393628},
 doi = {10.1145/2393596.2393628},
 acmid = {2393628},
 publisher = {ACM},
 address = {New York, NY, USA},
 keywords = {bug report, bug tracking system, duplicate, learning to rank, search engine, search quality},
}

@inproceedings{Lazar:2014:GDB:2597073.2597128,
 author = {Lazar, Alina and Ritchey, Sarah and Sharif, Bonita},
 title = {Generating Duplicate Bug Datasets},
 booktitle = {Proceedings of the 11th Working Conference on Mining Software Repositories},
 series = {MSR 2014},
 year = {2014},
 isbn = {978-1-4503-2863-0},
 location = {Hyderabad, India},
 pages = {392--395},
 numpages = {4},
 url = {http://doi.acm.org/10.1145/2597073.2597128},
 doi = {10.1145/2597073.2597128},
 acmid = {2597128},
 publisher = {ACM},
 address = {New York, NY, USA},
 keywords = {Data Repositories, Duplicate Bug Pairs, Duplicate Bug Reports},
}

@inproceedings{Saha:2015:TBR:2820518.2820550,
 author = {Saha, Ripon K. and Lawall, Julia and Khurshid, Sarfraz and Perry, Dewayne E.},
 title = {Are These Bugs Really "Normal"?},
 booktitle = {Proceedings of the 12th Working Conference on Mining Software Repositories},
 series = {MSR '15},
 year = {2015},
 location = {Florence, Italy},
 pages = {258--268},
 numpages = {11},
 url = {http://dl.acm.org/citation.cfm?id=2820518.2820550},
 acmid = {2820550},
 publisher = {IEEE Press},
 address = {Piscataway, NJ, USA},
 keywords = {bug severity, bug tracking system, mining software repositories},
}

@inproceedings{Thung:2014:DIT:2642937.2648627,
 author = {Thung, Ferdian and Kochhar, Pavneet Singh and Lo, David},
 title = {DupFinder: Integrated Tool Support for Duplicate Bug Report Detection},
 booktitle = {Proceedings of the 29th ACM/IEEE International Conference on Automated Software Engineering},
 series = {ASE '14},
 year = {2014},
 isbn = {978-1-4503-3013-8},
 location = {Vasteras, Sweden},
 pages = {871--874},
 numpages = {4},
 url = {http://doi.acm.org/10.1145/2642937.2648627},
 doi = {10.1145/2642937.2648627},
 acmid = {2648627},
 publisher = {ACM},
 address = {New York, NY, USA},
 keywords = {bugzilla, duplicate bug reports, integrated tool support},
}

@inproceedings{Prifti:2011:DBD:2020390.2020398,
 author = {Prifti, Tomi and Banerjee, Sean and Cukic, Bojan},
 title = {Detecting Bug Duplicate Reports Through Local References},
 booktitle = {Proceedings of the 7th International Conference on Predictive Models in Software Engineering},
 series = {Promise '11},
 year = {2011},
 isbn = {978-1-4503-0709-3},
 location = {Banff, Alberta, Canada},
 pages = {8:1--8:9},
 articleno = {8},
 numpages = {9},
 url = {http://doi.acm.org/10.1145/2020390.2020398},
 doi = {10.1145/2020390.2020398},
 acmid = {2020398},
 publisher = {ACM},
 address = {New York, NY, USA},
 keywords = {bug tacking systems, duplicate bug reports, software maintenance, software quality},
}

@inproceedings{Bortis:2011:TCB:1984642.1984659,
 author = {Bortis, Gerald and van der Hoek, Andr{\'e}},
 title = {Teambugs: A Collaborative Bug Tracking Tool},
 booktitle = {Proceedings of the 4th International Workshop on Cooperative and Human Aspects of Software Engineering},
 series = {CHASE '11},
 year = {2011},
 isbn = {978-1-4503-0576-1},
 location = {Waikiki, Honolulu, HI, USA},
 pages = {69--71},
 numpages = {3},
 url = {http://doi.acm.org/10.1145/1984642.1984659},
 doi = {10.1145/1984642.1984659},
 acmid = {1984659},
 publisher = {ACM},
 address = {New York, NY, USA},
 keywords = {bug tracking, bug triaging},
}

@inproceedings{Davies:2014:WBR:2652524.2652541,
 author = {Davies, Steven and Roper, Marc},
 title = {What's in a Bug Report?},
 booktitle = {Proceedings of the 8th ACM/IEEE International Symposium on Empirical Software Engineering and Measurement},
 series = {ESEM '14},
 year = {2014},
 isbn = {978-1-4503-2774-9},
 location = {Torino, Italy},
 pages = {26:1--26:10},
 articleno = {26},
 numpages = {10},
 url = {http://doi.acm.org/10.1145/2652524.2652541},
 doi = {10.1145/2652524.2652541},
 acmid = {2652541},
 publisher = {ACM},
 address = {New York, NY, USA},
 keywords = {bug report, bug repository, software maintenance},
}

@inproceedings{Tu:2014:MQI:2677832.2677844,
 author = {Tu, Feifei and Zhang, Feixue},
 title = {Measuring the Quality of Issue Tracking Data},
 booktitle = {Proceedings of the 6th Asia-Pacific Symposium on Internetware on Internetware},
 series = {INTERNETWARE 2014},
 year = {2014},
 isbn = {978-1-4503-3303-0},
 location = {Hong Kong, China},
 pages = {76--79},
 numpages = {4},
 url = {http://doi.acm.org/10.1145/2677832.2677844},
 doi = {10.1145/2677832.2677844},
 acmid = {2677844},
 publisher = {ACM},
 address = {New York, NY, USA},
 keywords = {Data Quality, Issue Report, Quality Evaluator},
}

@inproceedings{Gupta:2014:PMM:2597073.2597081,
 author = {Gupta, Monika and Sureka, Ashish and Padmanabhuni, Srinivas},
 title = {Process Mining Multiple Repositories for Software Defect Resolution from Control and Organizational Perspective},
 booktitle = {Proceedings of the 11th Working Conference on Mining Software Repositories},
 series = {MSR 2014},
 year = {2014},
 isbn = {978-1-4503-2863-0},
 location = {Hyderabad, India},
 pages = {122--131},
 numpages = {10},
 url = {http://doi.acm.org/10.1145/2597073.2597081},
 doi = {10.1145/2597073.2597081},
 acmid = {2597081},
 publisher = {ACM},
 address = {New York, NY, USA},
 keywords = {Empirical Software Engineering and Measurements, Issue Tracking System, Peer Code Review System, Process Mining, Social Network Analysis, Software Maintenance},
}

@inproceedings{White:2015:GRR:2820282.2820291,
 author = {White, Martin and Linares-V\'{a}squez, Mario and Johnson, Peter and Bernal-C\'{a}rdenas, Carlos and Poshyvanyk, Denys},
 title = {Generating Reproducible and Replayable Bug Reports from Android Application Crashes},
 booktitle = {Proceedings of the 2015 IEEE 23rd International Conference on Program Comprehension},
 series = {ICPC '15},
 year = {2015},
 location = {Florence, Italy},
 pages = {48--59},
 numpages = {12},
 url = {http://dl.acm.org/citation.cfm?id=2820282.2820291},
 acmid = {2820291},
 publisher = {IEEE Press},
 address = {Piscataway, NJ, USA},
 keywords = {Android, crash and bug reports, reproducibility},
}

@inproceedings{Palix:2010:TCP:1739230.1739250,
 author = {Palix, Nicolas and Lawall, Julia and Muller, Gilles},
 title = {Tracking Code Patterns over Multiple Software Versions with Herodotos},
 booktitle = {Proceedings of the 9th International Conference on Aspect-Oriented Software Development},
 series = {AOSD '10},
 year = {2010},
 isbn = {978-1-60558-958-9},
 location = {Rennes and Saint-Malo, France},
 pages = {169--180},
 numpages = {12},
 url = {http://doi.acm.org/10.1145/1739230.1739250},
 doi = {10.1145/1739230.1739250},
 acmid = {1739250},
 publisher = {ACM},
 address = {New York, NY, USA},
 keywords = {Herodotos, bug tracking, history of pattern occurrences},
}

@inproceedings{Anvik:2006:ABR:1134285.1134457,
 author = {Anvik, John},
 title = {Automating Bug Report Assignment},
 booktitle = {Proceedings of the 28th International Conference on Software Engineering},
 series = {ICSE '06},
 year = {2006},
 isbn = {1-59593-375-1},
 location = {Shanghai, China},
 pages = {937--940},
 numpages = {4},
 url = {http://doi.acm.org/10.1145/1134285.1134457},
 doi = {10.1145/1134285.1134457},
 acmid = {1134457},
 publisher = {ACM},
 address = {New York, NY, USA},
 keywords = {bug report assignment, triage},
}

@inproceedings{Rastogi:2013:SMI:2442754.2442757,
 author = {Rastogi, Ayushi and Gupta, Arpit and Sureka, Ashish},
 title = {Samiksha: Mining Issue Tracking System for Contribution and Performance Assessment},
 booktitle = {Proceedings of the 6th India Software Engineering Conference},
 series = {ISEC '13},
 year = {2013},
 isbn = {978-1-4503-1987-4},
 location = {New Delhi, India},
 pages = {13--22},
 numpages = {10},
 url = {http://doi.acm.org/10.1145/2442754.2442757},
 doi = {10.1145/2442754.2442757},
 acmid = {2442757},
 publisher = {ACM},
 address = {New York, NY, USA},
 keywords = {developer contribution assessment, issue tracking system, mining software repositories, software maintenance},
}

@inproceedings{Aggarwal:2014:MIT:2593801.2593810,
 author = {Aggarwal, Ayushi and Waghmare, Gajendra and Sureka, Ashish},
 title = {Mining Issue Tracking Systems Using Topic Models for Trend Analysis, Corpus Exploration, and Understanding Evolution},
 booktitle = {Proceedings of the 3rd International Workshop on Realizing Artificial Intelligence Synergies in Software Engineering},
 series = {RAISE 2014},
 year = {2014},
 isbn = {978-1-4503-2846-3},
 location = {Hyderabad, India},
 pages = {52--58},
 numpages = {7},
 url = {http://doi.acm.org/10.1145/2593801.2593810},
 doi = {10.1145/2593801.2593810},
 acmid = {2593810},
 publisher = {ACM},
 address = {New York, NY, USA},
 keywords = {Bugs, Defect Tracking System, Google Chromium, Issue Tracking System, Latent Dirichlet Allocation, Software Maintenance, Topic Modeling},
}

@inproceedings{Mani:2012:AAU:2393596.2393607,
 author = {Mani, Senthil and Catherine, Rose and Sinha, Vibha Singhal and Dubey, Avinava},
 title = {AUSUM: Approach for Unsupervised Bug Report Summarization},
 booktitle = {Proceedings of the ACM SIGSOFT 20th International Symposium on the Foundations of Software Engineering},
 series = {FSE '12},
 year = {2012},
 isbn = {978-1-4503-1614-9},
 location = {Cary, North Carolina},
 pages = {11:1--11:11},
 articleno = {11},
 numpages = {11},
 url = {http://doi.acm.org/10.1145/2393596.2393607},
 doi = {10.1145/2393596.2393607},
 acmid = {2393607},
 publisher = {ACM},
 address = {New York, NY, USA},
 keywords = {bug report, summarization, unsupervised},
}

@inproceedings{Ortu:2015:JRD:2810146.2810147,
 author = {Ortu, Marco and Destefanis, Giuseppe and Adams, Bram and Murgia, Alessandro and Marchesi, Michele and Tonelli, Roberto},
 title = {The JIRA Repository Dataset: Understanding Social Aspects of Software Development},
 booktitle = {Proceedings of the 11th International Conference on Predictive Models and Data Analytics in Software Engineering},
 series = {PROMISE '15},
 year = {2015},
 isbn = {978-1-4503-3715-1},
 location = {Beijing, China},
 pages = {1:1--1:4},
 articleno = {1},
 numpages = {4},
 url = {http://doi.acm.org/10.1145/2810146.2810147},
 doi = {10.1145/2810146.2810147},
 acmid = {2810147},
 publisher = {ACM},
 address = {New York, NY, USA},
 keywords = {Affective Analysis, Issue Report, Mining software repository},
}

@inproceedings{Breu:2010:INB:1718918.1718973,
 author = {Breu, Silvia and Premraj, Rahul and Sillito, Jonathan and Zimmermann, Thomas},
 title = {Information Needs in Bug Reports: Improving Cooperation Between Developers and Users},
 booktitle = {Proceedings of the 2010 ACM Conference on Computer Supported Cooperative Work},
 series = {CSCW '10},
 year = {2010},
 isbn = {978-1-60558-795-0},
 location = {Savannah, Georgia, USA},
 pages = {301--310},
 numpages = {10},
 url = {http://doi.acm.org/10.1145/1718918.1718973},
 doi = {10.1145/1718918.1718973},
 acmid = {1718973},
 publisher = {ACM},
 address = {New York, NY, USA},
 keywords = {bug reports, information needs, question time, questions, response rate, response time},
}

@inproceedings{Lessel:2015:TNI:2702613.2732720,
 author = {Lessel, Pascal and M\"{u}ller, Marc and Kr\"{u}ger, Antonio},
 title = {Towards a Novel Issue Tracking System for "Industry 4.0" Environments},
 booktitle = {Proceedings of the 33rd Annual ACM Conference Extended Abstracts on Human Factors in Computing Systems},
 series = {CHI EA '15},
 year = {2015},
 isbn = {978-1-4503-3146-3},
 location = {Seoul, Republic of Korea},
 pages = {1809--1814},
 numpages = {6},
 url = {http://doi.acm.org/10.1145/2702613.2732720},
 doi = {10.1145/2702613.2732720},
 acmid = {2732720},
 publisher = {ACM},
 address = {New York, NY, USA},
 keywords = {CSCW, digitalization, industry 4.0, issue tracking},
}

@inproceedings{Murgia:2014:DFE:2597073.2597086,
 author = {Murgia, Alessandro and Tourani, Parastou and Adams, Bram and Ortu, Marco},
 title = {Do Developers Feel Emotions? An Exploratory Analysis of Emotions in Software Artifacts},
 booktitle = {Proceedings of the 11th Working Conference on Mining Software Repositories},
 series = {MSR 2014},
 year = {2014},
 isbn = {978-1-4503-2863-0},
 location = {Hyderabad, India},
 pages = {262--271},
 numpages = {10},
 url = {http://doi.acm.org/10.1145/2597073.2597086},
 doi = {10.1145/2597073.2597086},
 acmid = {2597086},
 publisher = {ACM},
 address = {New York, NY, USA},
 keywords = {Emotion Mining, Empirical Software Engineer- ing, Issue Report},
}

@inproceedings{Kshirsagar:2015:ITS:2818567.2818575,
 author = {Kshirsagar, Aniruddha Prakash and Chandre, Pankaj R.},
 title = {Issue Tracking System with Duplicate Issue Detection},
 booktitle = {Proceedings of the Sixth International Conference on Computer and Communication Technology 2015},
 series = {ICCCT '15},
 year = {2015},
 isbn = {978-1-4503-3552-2},
 location = {Allahabad, India},
 pages = {41--45},
 numpages = {5},
 url = {http://doi.acm.org/10.1145/2818567.2818575},
 doi = {10.1145/2818567.2818575},
 acmid = {2818575},
 publisher = {ACM},
 address = {New York, NY, USA},
 keywords = {Duplicate detection, ITS, Issue, QAS, bugs},
}

@inproceedings{Bettenburg:2007:QBR:1328279.1328284,
 author = {Bettenburg, Nicolas and Just, Sascha and Schr\"{o}ter, Adrian and Wei\ss, Cathrin and Premraj, Rahul and Zimmermann, Thomas},
 title = {Quality of Bug Reports in Eclipse},
 booktitle = {Proceedings of the 2007 OOPSLA Workshop on Eclipse Technology eXchange},
 series = {eclipse '07},
 year = {2007},
 isbn = {978-1-60558-015-9},
 location = {Montreal, Quebec, Canada},
 pages = {21--25},
 numpages = {5},
 url = {http://doi.acm.org/10.1145/1328279.1328284},
 doi = {10.1145/1328279.1328284},
 acmid = {1328284},
 publisher = {ACM},
 address = {New York, NY, USA},
}

@inproceedings{Koopaei:2015:CAD:2886444.2886474,
 author = {Koopaei, Neda Ebrahimi and Hamou-Lhadj, Abdelwahab},
 title = {CrashAutomata: An Approach for the Detection of Duplicate Crash Reports Based on Generalizable Automata},
 booktitle = {Proceedings of the 25th Annual International Conference on Computer Science and Software Engineering},
 series = {CASCON '15},
 year = {2015},
 location = {Markham, Canada},
 pages = {201--210},
 numpages = {10},
 url = {http://dl.acm.org/citation.cfm?id=2886444.2886474},
 acmid = {2886474},
 publisher = {IBM Corp.},
 address = {Riverton, NJ, USA},
 keywords = {automata-based modeling, duplicate bug reports, mining bug repositories, software maintenance},
}

@inproceedings{Spacco:2006:TDW:1137983.1138014,
 author = {Spacco, Jaime and Hovemeyer, David and Pugh, William},
 title = {Tracking Defect Warnings Across Versions},
 booktitle = {Proceedings of the 2006 International Workshop on Mining Software Repositories},
 series = {MSR '06},
 year = {2006},
 isbn = {1-59593-397-2},
 location = {Shanghai, China},
 pages = {133--136},
 numpages = {4},
 url = {http://doi.acm.org/10.1145/1137983.1138014},
 doi = {10.1145/1137983.1138014},
 acmid = {1138014},
 publisher = {ACM},
 address = {New York, NY, USA},
 keywords = {FindBugs, Java, bug histories, bug tracking, static analysis},
}

@inproceedings{Sinha:2011:ECT:1985441.1985462,
 author = {Sinha, Vibha Singhal and Mani, Senthil and Sinha, Saurabh},
 title = {Entering the Circle of Trust: Developer Initiation As Committers in Open-source Projects},
 booktitle = {Proceedings of the 8th Working Conference on Mining Software Repositories},
 series = {MSR '11},
 year = {2011},
 isbn = {978-1-4503-0574-7},
 location = {Waikiki, Honolulu, HI, USA},
 pages = {133--142},
 numpages = {10},
 url = {http://doi.acm.org/10.1145/1985441.1985462},
 doi = {10.1145/1985441.1985462},
 acmid = {1985462},
 publisher = {ACM},
 address = {New York, NY, USA},
 keywords = {code committer, developer roles, mining bug repository, mining code repository, open-source software},
}

@inproceedings{Ki:2009:OSA:1747491.1747549,
 author = {Ki, Yuhoon and Song, Meongchul},
 title = {An Open Source-Based Approach to Software Development Infrastructures},
 booktitle = {Proceedings of the 2009 IEEE/ACM International Conference on Automated Software Engineering},
 series = {ASE '09},
 year = {2009},
 isbn = {978-0-7695-3891-4},
 pages = {525--529},
 numpages = {5},
 url = {http://dx.doi.org/10.1109/ASE.2009.73},
 doi = {10.1109/ASE.2009.73},
 acmid = {1747549},
 publisher = {IEEE Computer Society},
 address = {Washington, DC, USA},
 keywords = {software engineering tools, continuous integration, SCM, issue tracking, open source},
}

@inproceedings{Baysal:2014:NIL:2635868.2635887,
 author = {Baysal, Olga and Holmes, Reid and Godfrey, Michael W.},
 title = {No Issue Left Behind: Reducing Information Overload in Issue Tracking},
 booktitle = {Proceedings of the 22Nd ACM SIGSOFT International Symposium on Foundations of Software Engineering},
 series = {FSE 2014},
 year = {2014},
 isbn = {978-1-4503-3056-5},
 location = {Hong Kong, China},
 pages = {666--677},
 numpages = {12},
 url = {http://doi.acm.org/10.1145/2635868.2635887},
 doi = {10.1145/2635868.2635887},
 acmid = {2635887},
 publisher = {ACM},
 address = {New York, NY, USA},
 keywords = {Developer dashboards, information needs, issue tracking, personalization, situational awareness},
}

@inproceedings{Song:2010:JDD:1810295.1810368,
 author = {Song, Yoonki and Wang, Xiaoyin and Xie, Tao and Zhang, Lu and Mei, Hong},
 title = {JDF: Detecting Duplicate Bug Reports in Jazz},
 booktitle = {Proceedings of the 32Nd ACM/IEEE International Conference on Software Engineering - Volume 2},
 series = {ICSE '10},
 year = {2010},
 isbn = {978-1-60558-719-6},
 location = {Cape Town, South Africa},
 pages = {315--316},
 numpages = {2},
 url = {http://doi.acm.org/10.1145/1810295.1810368},
 doi = {10.1145/1810295.1810368},
 acmid = {1810368},
 publisher = {ACM},
 address = {New York, NY, USA},
 keywords = {bug report, execution information, information retrieval},
}

@inproceedings{Bettenburg:2008:MGB:1453101.1453146,
 author = {Bettenburg, Nicolas and Just, Sascha and Schr\"{o}ter, Adrian and Weiss, Cathrin and Premraj, Rahul and Zimmermann, Thomas},
 title = {What Makes a Good Bug Report?},
 booktitle = {Proceedings of the 16th ACM SIGSOFT International Symposium on Foundations of Software Engineering},
 series = {SIGSOFT '08/FSE-16},
 year = {2008},
 isbn = {978-1-59593-995-1},
 location = {Atlanta, Georgia},
 pages = {308--318},
 numpages = {11},
 url = {http://doi.acm.org/10.1145/1453101.1453146},
 doi = {10.1145/1453101.1453146},
 acmid = {1453146},
 publisher = {ACM},
 address = {New York, NY, USA},
}

@inproceedings{Michail:2005:HUA:1062455.1062490,
 author = {Michail, Amir and Xie, Tao},
 title = {Helping Users Avoid Bugs in GUI Applications},
 booktitle = {Proceedings of the 27th International Conference on Software Engineering},
 series = {ICSE '05},
 year = {2005},
 isbn = {1-58113-963-2},
 location = {St. Louis, MO, USA},
 pages = {107--116},
 numpages = {10},
 url = {http://doi.acm.org/10.1145/1062455.1062490},
 doi = {10.1145/1062455.1062490},
 acmid = {1062490},
 publisher = {ACM},
 address = {New York, NY, USA},
 keywords = {bug prediction, bug tracking system, fault evasion, gui applications, software testing, software tools},
}

@inproceedings{Ihara:2009:AMI:1595808.1595833,
 author = {Ihara, Akinori and Ohira, Masao and Matsumoto, Ken-ichi},
 title = {An Analysis Method for Improving a Bug Modification Process in Open Source Software Development},
 booktitle = {Proceedings of the Joint International and Annual ERCIM Workshops on Principles of Software Evolution (IWPSE) and Software Evolution (Evol) Workshops},
 series = {IWPSE-Evol '09},
 year = {2009},
 isbn = {978-1-60558-678-6},
 location = {Amsterdam, The Netherlands},
 pages = {135--144},
 numpages = {10},
 url = {http://doi.acm.org/10.1145/1595808.1595833},
 doi = {10.1145/1595808.1595833},
 acmid = {1595833},
 publisher = {ACM},
 address = {New York, NY, USA},
 keywords = {apache, bug tracking system, firefox, modification process, open source software development, repository mining},
}

@inproceedings{Rastogi:2014:SPV:2590748.2590750,
 author = {Rastogi, Ayushi and Sureka, Ashish},
 title = {SamikshaViz: A Panoramic View to Measure Contribution and Performance of Software Maintenance Professionals by Mining Bug Archives},
 booktitle = {Proceedings of the 7th India Software Engineering Conference},
 series = {ISEC '14},
 year = {2014},
 isbn = {978-1-4503-2776-3},
 location = {Chennai, India},
 pages = {2:1--2:10},
 articleno = {2},
 numpages = {10},
 url = {http://doi.acm.org/10.1145/2590748.2590750},
 doi = {10.1145/2590748.2590750},
 acmid = {2590750},
 publisher = {ACM},
 address = {New York, NY, USA},
 keywords = {contribution and performance assessment metrics, issue tracking system, mining bug archives, software maintenance, visualization},
}

@inproceedings{Avnon:2010:FFU:1753846.1754219,
 author = {Avnon, Yossi and Boggan, Scott L.},
 title = {Fit and Finish Using a Bug Tracking System: Challenges and Recommendations},
 booktitle = {CHI '10 Extended Abstracts on Human Factors in Computing Systems},
 series = {CHI EA '10},
 year = {2010},
 isbn = {978-1-60558-930-5},
 location = {Atlanta, Georgia, USA},
 pages = {4717--4720},
 numpages = {4},
 url = {http://doi.acm.org/10.1145/1753846.1754219},
 doi = {10.1145/1753846.1754219},
 acmid = {1754219},
 publisher = {ACM},
 address = {New York, NY, USA},
 keywords = {bug management, fit and finish, ui design, ui processes},
}

@inproceedings{Budde:2014:LSC:2694768.2694776,
 author = {Budde, Matthias and De Melo Borges, Julio and Tomov, Stefan and Riedel, Till and Beigl, Michael},
 title = {Leveraging Spatio-temporal Clustering for Participatory Urban Infrastructure Monitoring},
 booktitle = {Proceedings of the First International Conference on IoT in Urban Space},
 series = {URB-IOT '14},
 year = {2014},
 isbn = {978-1-63190-037-2},
 location = {Rome, Italy},
 pages = {32--37},
 numpages = {6},
 url = {http://dx.doi.org/10.4108/icst.urb-iot.2014.257282},
 doi = {10.4108/icst.urb-iot.2014.257282},
 acmid = {2694776},
 publisher = {ICST (Institute for Computer Sciences, Social-Informatics and Telecommunications Engineering)},
 address = {ICST, Brussels, Belgium, Belgium},
 keywords = {civic issue tracking, crowdsourcing, duplicate detection, issue ranking, spatio-temporal clustering},
}

@inproceedings{Anvik:2005:COB:1117696.1117704,
 author = {Anvik, John and Hiew, Lyndon and Murphy, Gail C.},
 title = {Coping with an Open Bug Repository},
 booktitle = {Proceedings of the 2005 OOPSLA Workshop on Eclipse Technology eXchange},
 series = {eclipse '05},
 year = {2005},
 isbn = {1-59593-342-5},
 location = {San Diego, California},
 pages = {35--39},
 numpages = {5},
 url = {http://doi.acm.org/10.1145/1117696.1117704},
 doi = {10.1145/1117696.1117704},
 acmid = {1117704},
 publisher = {ACM},
 address = {New York, NY, USA},
 keywords = {bugzilla, duplicate detection, machine learning, triage},
}

@inproceedings{Bertino:2012:MVC:2382456.2382510,
 author = {Bertino, Nic},
 title = {Modern Version Control: Creating an Efficient Development Ecosystem},
 booktitle = {Proceedings of the 40th Annual ACM SIGUCCS Conference on User Services},
 series = {SIGUCCS '12},
 year = {2012},
 isbn = {978-1-4503-1494-7},
 location = {Memphis, Tennessee, USA},
 pages = {219--222},
 numpages = {4},
 url = {http://doi.acm.org/10.1145/2382456.2382510},
 doi = {10.1145/2382456.2382510},
 acmid = {2382510},
 publisher = {ACM},
 address = {New York, NY, USA},
 keywords = {GIT, automated deployment, decentralized version control, issue tracking, redmine, source control},
}

@inproceedings{Somasundaram:2012:ACB:2134254.2134276,
 author = {Somasundaram, Kalyanasundaram and Murphy, Gail C.},
 title = {Automatic Categorization of Bug Reports Using Latent Dirichlet Allocation},
 booktitle = {Proceedings of the 5th India Software Engineering Conference},
 series = {ISEC '12},
 year = {2012},
 isbn = {978-1-4503-1142-7},
 location = {Kanpur, India},
 pages = {125--130},
 numpages = {6},
 url = {http://doi.acm.org/10.1145/2134254.2134276},
 doi = {10.1145/2134254.2134276},
 acmid = {2134276},
 publisher = {ACM},
 address = {New York, NY, USA},
 keywords = {component recommendation, recommendation system, software bug triage},
}

@inproceedings{Caglayan:2012:FCR:2365324.2365327,
 author = {Caglayan, Bora and Misirli, Ayse Tosun and Miranskyy, Andriy and Turhan, Burak and Bener, Ayse},
 title = {Factors Characterizing Reopened Issues: A Case Study},
 booktitle = {Proceedings of the 8th International Conference on Predictive Models in Software Engineering},
 series = {PROMISE '12},
 year = {2012},
 isbn = {978-1-4503-1241-7},
 location = {Lund, Sweden},
 pages = {1--10},
 numpages = {10},
 url = {http://doi.acm.org/10.1145/2365324.2365327},
 doi = {10.1145/2365324.2365327},
 acmid = {2365327},
 publisher = {ACM},
 address = {New York, NY, USA},
 keywords = {issue management, issue reopening, issue repository, software maintenance},
}

@inproceedings{Borg:2014:EYI:2642937.2653469,
 author = {Borg, Markus},
 title = {Embrace Your Issues: Compassing the Software Engineering Landscape Using Bug Reports},
 booktitle = {Proceedings of the 29th ACM/IEEE International Conference on Automated Software Engineering},
 series = {ASE '14},
 year = {2014},
 isbn = {978-1-4503-3013-8},
 location = {Vasteras, Sweden},
 pages = {891--894},
 numpages = {4},
 url = {http://doi.acm.org/10.1145/2642937.2653469},
 doi = {10.1145/2642937.2653469},
 acmid = {2653469},
 publisher = {ACM},
 address = {New York, NY, USA},
 keywords = {information retrieval, issue management, machine learning, recommendation systems},
}

@inproceedings{Thung:2014:BIT:2635868.2661678,
 author = {Thung, Ferdian and Le, Tien-Duy B. and Kochhar, Pavneet Singh and Lo, David},
 title = {BugLocalizer: Integrated Tool Support for Bug Localization},
 booktitle = {Proceedings of the 22Nd ACM SIGSOFT International Symposium on Foundations of Software Engineering},
 series = {FSE 2014},
 year = {2014},
 isbn = {978-1-4503-3056-5},
 location = {Hong Kong, China},
 pages = {767--770},
 numpages = {4},
 url = {http://doi.acm.org/10.1145/2635868.2661678},
 doi = {10.1145/2635868.2661678},
 acmid = {2661678},
 publisher = {ACM},
 address = {New York, NY, USA},
 keywords = {Bug localization, Bugzilla, git},
}

@article{Castro:2008:BBR:1353534.1346322,
 author = {Castro, Miguel and Costa, Manuel and Martin, Jean-Philippe},
 title = {Better Bug Reporting with Better Privacy},
 journal = {SIGARCH Comput. Archit. News},
 issue_date = {March 2008},
 volume = {36},
 number = {1},
 month = mar,
 year = {2008},
 issn = {0163-5964},
 pages = {319--328},
 numpages = {10},
 url = {http://doi.acm.org/10.1145/1353534.1346322},
 doi = {10.1145/1353534.1346322},
 acmid = {1346322},
 publisher = {ACM},
 address = {New York, NY, USA},
 keywords = {bug reports, constraint solving, privacy, symbolic execution},
}

@article{Castro:2008:BBR:1353535.1346322,
 author = {Castro, Miguel and Costa, Manuel and Martin, Jean-Philippe},
 title = {Better Bug Reporting with Better Privacy},
 journal = {SIGOPS Oper. Syst. Rev.},
 issue_date = {March 2008},
 volume = {42},
 number = {2},
 month = mar,
 year = {2008},
 issn = {0163-5980},
 pages = {319--328},
 numpages = {10},
 url = {http://doi.acm.org/10.1145/1353535.1346322},
 doi = {10.1145/1353535.1346322},
 acmid = {1346322},
 publisher = {ACM},
 address = {New York, NY, USA},
 keywords = {bug reports, constraint solving, privacy, symbolic execution},
}

@inproceedings{Castro:2008:BBR:1346281.1346322,
 author = {Castro, Miguel and Costa, Manuel and Martin, Jean-Philippe},
 title = {Better Bug Reporting with Better Privacy},
 booktitle = {Proceedings of the 13th International Conference on Architectural Support for Programming Languages and Operating Systems},
 series = {ASPLOS XIII},
 year = {2008},
 isbn = {978-1-59593-958-6},
 location = {Seattle, WA, USA},
 pages = {319--328},
 numpages = {10},
 url = {http://doi.acm.org/10.1145/1346281.1346322},
 doi = {10.1145/1346281.1346322},
 acmid = {1346322},
 publisher = {ACM},
 address = {New York, NY, USA},
 keywords = {bug reports, constraint solving, privacy, symbolic execution},
}

@article{Castro:2008:BBR:1353536.1346322,
 author = {Castro, Miguel and Costa, Manuel and Martin, Jean-Philippe},
 title = {Better Bug Reporting with Better Privacy},
 journal = {SIGPLAN Not.},
 issue_date = {March 2008},
 volume = {43},
 number = {3},
 month = mar,
 year = {2008},
 issn = {0362-1340},
 pages = {319--328},
 numpages = {10},
 url = {http://doi.acm.org/10.1145/1353536.1346322},
 doi = {10.1145/1353536.1346322},
 acmid = {1346322},
 publisher = {ACM},
 address = {New York, NY, USA},
 keywords = {bug reports, constraint solving, privacy, symbolic execution},
}

@inproceedings{Sureka:2010:LAB:1754288.1754297,
 author = {Sureka, Ashish and Indukuri, Kishore Varma},
 title = {Linguistic Analysis of Bug Report Titles with Respect to the Dimension of Bug Importance},
 booktitle = {Proceedings of the Third Annual ACM Bangalore Conference},
 series = {COMPUTE '10},
 year = {2010},
 isbn = {978-1-4503-0001-8},
 location = {Bangalore, India},
 pages = {9:1--9:6},
 articleno = {9},
 numpages = {6},
 url = {http://doi.acm.org/10.1145/1754288.1754297},
 doi = {10.1145/1754288.1754297},
 acmid = {1754297},
 publisher = {ACM},
 address = {New York, NY, USA},
 keywords = {bug report mining, data mining, text analytics},
}

@inproceedings{Sahoo:2010:ESR:1806799.1806870,
 author = {Sahoo, Swarup Kumar and Criswell, John and Adve, Vikram},
 title = {An Empirical Study of Reported Bugs in Server Software with Implications for Automated Bug Diagnosis},
 booktitle = {Proceedings of the 32Nd ACM/IEEE International Conference on Software Engineering - Volume 1},
 series = {ICSE '10},
 year = {2010},
 isbn = {978-1-60558-719-6},
 location = {Cape Town, South Africa},
 pages = {485--494},
 numpages = {10},
 url = {http://doi.acm.org/10.1145/1806799.1806870},
 doi = {10.1145/1806799.1806870},
 acmid = {1806870},
 publisher = {ACM},
 address = {New York, NY, USA},
 keywords = {bug characteristics, bug reports, network servers, testing},
}

@inproceedings{Yeasmin:2015:WRA:2886444.2886470,
 author = {Yeasmin, Shamima and Roy, Chanchal K. and Schneider, Kevin A.},
 title = {How Should We Read and Analyze Bug Reports: An Interactive Visualization Using Extractive Summaries and Topic Evolution},
 booktitle = {Proceedings of the 25th Annual International Conference on Computer Science and Software Engineering},
 series = {CASCON '15},
 year = {2015},
 location = {Markham, Canada},
 pages = {171--180},
 numpages = {10},
 url = {http://dl.acm.org/citation.cfm?id=2886444.2886470},
 acmid = {2886470},
 publisher = {IBM Corp.},
 address = {Riverton, NJ, USA},
 keywords = {bug report, summary, topic evolution, visualization},
}

@inproceedings{Ye:2014:LRR:2635868.2635874,
 author = {Ye, Xin and Bunescu, Razvan and Liu, Chang},
 title = {Learning to Rank Relevant Files for Bug Reports Using Domain Knowledge},
 booktitle = {Proceedings of the 22Nd ACM SIGSOFT International Symposium on Foundations of Software Engineering},
 series = {FSE 2014},
 year = {2014},
 isbn = {978-1-4503-3056-5},
 location = {Hong Kong, China},
 pages = {689--699},
 numpages = {11},
 url = {http://doi.acm.org/10.1145/2635868.2635874},
 doi = {10.1145/2635868.2635874},
 acmid = {2635874},
 publisher = {ACM},
 address = {New York, NY, USA},
 keywords = {bug reports, learning to rank, software maintenance},
}

@inproceedings{Bettenburg:2008:ESI:1370750.1370757,
 author = {Bettenburg, Nicolas and Premraj, Rahul and Zimmermann, Thomas and Kim, Sunghun},
 title = {Extracting Structural Information from Bug Reports},
 booktitle = {Proceedings of the 2008 International Working Conference on Mining Software Repositories},
 series = {MSR '08},
 year = {2008},
 isbn = {978-1-60558-024-1},
 location = {Leipzig, Germany},
 pages = {27--30},
 numpages = {4},
 url = {http://doi.acm.org/10.1145/1370750.1370757},
 doi = {10.1145/1370750.1370757},
 acmid = {1370757},
 publisher = {ACM},
 address = {New York, NY, USA},
 keywords = {bug reports, patches, source code, stack traces, structural information},
}

@inproceedings{Ko:2011:CSP:1984642.1984644,
 author = {Ko, Andrew J. and Lee, Michael J. and Ferrari, Valentina and Ip, Steven and Tran, Charlie},
 title = {A Case Study of Post-deployment User Feedback Triage},
 booktitle = {Proceedings of the 4th International Workshop on Cooperative and Human Aspects of Software Engineering},
 series = {CHASE '11},
 year = {2011},
 isbn = {978-1-4503-0576-1},
 location = {Waikiki, Honolulu, HI, USA},
 pages = {1--8},
 numpages = {8},
 url = {http://doi.acm.org/10.1145/1984642.1984644},
 doi = {10.1145/1984642.1984644},
 acmid = {1984644},
 publisher = {ACM},
 address = {New York, NY, USA},
 keywords = {bug reports, bug triage, software evolution, user feedback},
}

@article{Anvik:2011:REB:2000791.2000794,
 author = {Anvik, John and Murphy, Gail C.},
 title = {Reducing the Effort of Bug Report Triage: Recommenders for Development-oriented Decisions},
 journal = {ACM Trans. Softw. Eng. Methodol.},
 issue_date = {August 2011},
 volume = {20},
 number = {3},
 month = aug,
 year = {2011},
 issn = {1049-331X},
 pages = {10:1--10:35},
 articleno = {10},
 numpages = {35},
 url = {http://doi.acm.org/10.1145/2000791.2000794},
 doi = {10.1145/2000791.2000794},
 acmid = {2000794},
 publisher = {ACM},
 address = {New York, NY, USA},
 keywords = {Bug report triage, configuration assistance, machine learning, recommendation, task assignment},
}

@inproceedings{Weimer:2006:PBB:1173706.1173734,
 author = {Weimer, Westley},
 title = {Patches As Better Bug Reports},
 booktitle = {Proceedings of the 5th International Conference on Generative Programming and Component Engineering},
 series = {GPCE '06},
 year = {2006},
 isbn = {1-59593-237-2},
 location = {Portland, Oregon, USA},
 pages = {181--190},
 numpages = {10},
 url = {http://doi.acm.org/10.1145/1173706.1173734},
 doi = {10.1145/1173706.1173734},
 acmid = {1173734},
 publisher = {ACM},
 address = {New York, NY, USA},
 keywords = {bug, bug report, counterexample, error, explanation, localization, patch},
}

@inproceedings{Tsampoulatidis:2013:IOS:2502081.2502225,
 author = {Tsampoulatidis, Ioannis and Ververidis, Dimitrios and Tsarchopoulos, Panagiotis and Nikolopoulos, Spiros and Kompatsiaris, Ioannis and Komninos, Nicos},
 title = {ImproveMyCity: An Open Source Platform for Direct Citizen-government Communication},
 booktitle = {Proceedings of the 21st ACM International Conference on Multimedia},
 series = {MM '13},
 year = {2013},
 isbn = {978-1-4503-2404-5},
 location = {Barcelona, Spain},
 pages = {839--842},
 numpages = {4},
 url = {http://doi.acm.org/10.1145/2502081.2502225},
 doi = {10.1145/2502081.2502225},
 acmid = {2502225},
 publisher = {ACM},
 address = {New York, NY, USA},
 keywords = {egovernment, eparticipation, issue reporting, open source, urban maintenance},
}

@inproceedings{Fraser:2012:STR:2384716.2384740,
 author = {Fraser, Steven and Cooper, Kendra and Coplien, Jim and Lennon, Ruth and Ravichandar, Ramya and Spinellis, Diomidis and Succi, Giancarlo},
 title = {Software Tools Research: A Matter of Scale and Scope - or Commoditization?},
 booktitle = {Proceedings of the 3rd Annual Conference on Systems, Programming, and Applications: Software for Humanity},
 series = {SPLASH '12},
 year = {2012},
 isbn = {978-1-4503-1563-0},
 location = {Tucson, Arizona, USA},
 pages = {59--62},
 numpages = {4},
 url = {http://doi.acm.org/10.1145/2384716.2384740},
 doi = {10.1145/2384716.2384740},
 acmid = {2384740},
 publisher = {ACM},
 address = {New York, NY, USA},
 keywords = {process, research, tools},
}

@article{Chen:2013:TCF:2499370.2462173,
 author = {Chen, Yang and Groce, Alex and Zhang, Chaoqiang and Wong, Weng-Keen and Fern, Xiaoli and Eide, Eric and Regehr, John},
 title = {Taming Compiler Fuzzers},
 journal = {SIGPLAN Not.},
 issue_date = {June 2013},
 volume = {48},
 number = {6},
 month = jun,
 year = {2013},
 issn = {0362-1340},
 pages = {197--208},
 numpages = {12},
 url = {http://doi.acm.org/10.1145/2499370.2462173},
 doi = {10.1145/2499370.2462173},
 acmid = {2462173},
 publisher = {ACM},
 address = {New York, NY, USA},
 keywords = {automated testing, bug reporting, compiler defect, compiler testing, fuzz testing, random testing, test-case reduction},
}

@inproceedings{Chen:2013:TCF:2491956.2462173,
 author = {Chen, Yang and Groce, Alex and Zhang, Chaoqiang and Wong, Weng-Keen and Fern, Xiaoli and Eide, Eric and Regehr, John},
 title = {Taming Compiler Fuzzers},
 booktitle = {Proceedings of the 34th ACM SIGPLAN Conference on Programming Language Design and Implementation},
 series = {PLDI '13},
 year = {2013},
 isbn = {978-1-4503-2014-6},
 location = {Seattle, Washington, USA},
 pages = {197--208},
 numpages = {12},
 url = {http://doi.acm.org/10.1145/2491956.2462173},
 doi = {10.1145/2491956.2462173},
 acmid = {2462173},
 publisher = {ACM},
 address = {New York, NY, USA},
 keywords = {automated testing, bug reporting, compiler defect, compiler testing, fuzz testing, random testing, test-case reduction},
}

@inproceedings{Torchiano:2010:IAM:1852786.1852847,
 author = {Torchiano, Marco and Ricca, Filippo},
 title = {Impact Analysis by Means of Unstructured Knowledge in the Context of Bug Repositories},
 booktitle = {Proceedings of the 2010 ACM-IEEE International Symposium on Empirical Software Engineering and Measurement},
 series = {ESEM '10},
 year = {2010},
 isbn = {978-1-4503-0039-1},
 location = {Bolzano-Bozen, Italy},
 pages = {47:1--47:4},
 articleno = {47},
 numpages = {4},
 url = {http://doi.acm.org/10.1145/1852786.1852847},
 doi = {10.1145/1852786.1852847},
 acmid = {1852847},
 publisher = {ACM},
 address = {New York, NY, USA},
 keywords = {impact analysis, natural language processing techniques, software repositories},
}

@inproceedings{ValdiviaGarcia:2014:CPB:2597073.2597099,
 author = {Valdivia Garcia, Harold and Shihab, Emad},
 title = {Characterizing and Predicting Blocking Bugs in Open Source Projects},
 booktitle = {Proceedings of the 11th Working Conference on Mining Software Repositories},
 series = {MSR 2014},
 year = {2014},
 isbn = {978-1-4503-2863-0},
 location = {Hyderabad, India},
 pages = {72--81},
 numpages = {10},
 url = {http://doi.acm.org/10.1145/2597073.2597099},
 doi = {10.1145/2597073.2597099},
 acmid = {2597099},
 publisher = {ACM},
 address = {New York, NY, USA},
 keywords = {Code Metrics, Post-release Defects, Process Metrics},
}

@article{Regehr:2012:TRC:2345156.2254104,
 author = {Regehr, John and Chen, Yang and Cuoq, Pascal and Eide, Eric and Ellison, Chucky and Yang, Xuejun},
 title = {Test-case Reduction for C Compiler Bugs},
 journal = {SIGPLAN Not.},
 issue_date = {June 2012},
 volume = {47},
 number = {6},
 month = jun,
 year = {2012},
 issn = {0362-1340},
 pages = {335--346},
 numpages = {12},
 url = {http://doi.acm.org/10.1145/2345156.2254104},
 doi = {10.1145/2345156.2254104},
 acmid = {2254104},
 publisher = {ACM},
 address = {New York, NY, USA},
 keywords = {automated testing, bug reporting, compiler defect, compiler testing, random testing, test-case minimization},
}

@inproceedings{Regehr:2012:TRC:2254064.2254104,
 author = {Regehr, John and Chen, Yang and Cuoq, Pascal and Eide, Eric and Ellison, Chucky and Yang, Xuejun},
 title = {Test-case Reduction for C Compiler Bugs},
 booktitle = {Proceedings of the 33rd ACM SIGPLAN Conference on Programming Language Design and Implementation},
 series = {PLDI '12},
 year = {2012},
 isbn = {978-1-4503-1205-9},
 location = {Beijing, China},
 pages = {335--346},
 numpages = {12},
 url = {http://doi.acm.org/10.1145/2254064.2254104},
 doi = {10.1145/2254064.2254104},
 acmid = {2254104},
 publisher = {ACM},
 address = {New York, NY, USA},
 keywords = {automated testing, bug reporting, compiler defect, compiler testing, random testing, test-case minimization},
}

@inproceedings{Gu:2015:CHT:2786805.2786815,
 author = {Gu, Rui and Jin, Guoliang and Song, Linhai and Zhu, Linjie and Lu, Shan},
 title = {What Change History Tells Us About Thread Synchronization},
 booktitle = {Proceedings of the 2015 10th Joint Meeting on Foundations of Software Engineering},
 series = {ESEC/FSE 2015},
 year = {2015},
 isbn = {978-1-4503-3675-8},
 location = {Bergamo, Italy},
 pages = {426--438},
 numpages = {13},
 url = {http://doi.acm.org/10.1145/2786805.2786815},
 doi = {10.1145/2786805.2786815},
 acmid = {2786815},
 publisher = {ACM},
 address = {New York, NY, USA},
 keywords = {Concurrency Bugs, Empirical Study, Locks, Multi-Threaded Software, Performance Bugs, Repository Mining},
}

@inproceedings{Ahmed:2014:IAC:2641580.2641585,
 author = {Ahmed, Iftekhar and Mohan, Nitin and Jensen, Carlos},
 title = {The Impact of Automatic Crash Reports on Bug Triaging and Development in Mozilla},
 booktitle = {Proceedings of The International Symposium on Open Collaboration},
 series = {OpenSym '14},
 year = {2014},
 isbn = {978-1-4503-3016-9},
 location = {Berlin, Germany},
 pages = {1:1--1:8},
 articleno = {1},
 numpages = {8},
 url = {http://doi.acm.org/10.1145/2641580.2641585},
 doi = {10.1145/2641580.2641585},
 acmid = {2641585},
 publisher = {ACM},
 address = {New York, NY, USA},
 keywords = {Automatic Crash reporting, Debugging, FOSS, Free/Open Source Software, Open Bug Reporting, Testing},
}

@inproceedings{Heller:2011:MHT:1979742.1979774,
 author = {Heller, Florian and Lichtschlag, Leonhard and Wittenhagen, Moritz and Karrer, Thorsten and Borchers, Jan},
 title = {Me Hates This: Exploring Different Levels of User Feedback for (Usability) Bug Reporting},
 booktitle = {CHI '11 Extended Abstracts on Human Factors in Computing Systems},
 series = {CHI EA '11},
 year = {2011},
 isbn = {978-1-4503-0268-5},
 location = {Vancouver, BC, Canada},
 pages = {1357--1362},
 numpages = {6},
 url = {http://doi.acm.org/10.1145/1979742.1979774},
 doi = {10.1145/1979742.1979774},
 acmid = {1979774},
 publisher = {ACM},
 address = {New York, NY, USA},
 keywords = {evaluation, feedback, modality, usability, user reports},
}

@inproceedings{Rastkar:2010:SSA:1806799.1806872,
 author = {Rastkar, Sarah and Murphy, Gail C. and Murray, Gabriel},
 title = {Summarizing Software Artifacts: A Case Study of Bug Reports},
 booktitle = {Proceedings of the 32Nd ACM/IEEE International Conference on Software Engineering - Volume 1},
 series = {ICSE '10},
 year = {2010},
 isbn = {978-1-60558-719-6},
 location = {Cape Town, South Africa},
 pages = {505--514},
 numpages = {10},
 url = {http://doi.acm.org/10.1145/1806799.1806872},
 doi = {10.1145/1806799.1806872},
 acmid = {1806872},
 publisher = {ACM},
 address = {New York, NY, USA},
 keywords = {human-centric software engineering, machine learning},
}

@article{Singh:2010:MRG:1764810.1764831,
 author = {Singh, V. B. and Kapur, P. K. and Tandon, Abhishek},
 title = {Measuring Reliability Growth of Software by Considering Fault Dependency, Debugging Time Lag Functions and Irregular Fluctuation},
 journal = {SIGSOFT Softw. Eng. Notes},
 issue_date = {May 2010},
 volume = {35},
 number = {3},
 month = may,
 year = {2010},
 issn = {0163-5948},
 pages = {1--11},
 numpages = {11},
 url = {http://doi.acm.org/10.1145/1764810.1764831},
 doi = {10.1145/1764810.1764831},
 acmid = {1764831},
 publisher = {ACM},
 address = {New York, NY, USA},
 keywords = {defect density, fault dependency, open source software (OSS), stochastic differential equations (SDE)},
}

@inproceedings{Heck:2013:ARE:2501543.2501550,
 author = {Heck, Petra and Zaidman, Andy},
 title = {An Analysis of Requirements Evolution in Open Source Projects: Recommendations for Issue Trackers},
 booktitle = {Proceedings of the 2013 International Workshop on Principles of Software Evolution},
 series = {IWPSE 2013},
 year = {2013},
 isbn = {978-1-4503-2311-6},
 location = {Saint Petersburg, Russia},
 pages = {43--52},
 numpages = {10},
 url = {http://doi.acm.org/10.1145/2501543.2501550},
 doi = {10.1145/2501543.2501550},
 acmid = {2501550},
 publisher = {ACM},
 address = {New York, NY, USA},
 keywords = {Open source, feature request, issue tracker},
}

@article{Reid:2007:DSP:1227504.1227421,
 author = {Reid, Karen L. and Wilson, Gregory V.},
 title = {DrProject: A Software Project Management Portal to Meet Educational Needs},
 journal = {SIGCSE Bull.},
 issue_date = {March 2007},
 volume = {39},
 number = {1},
 month = mar,
 year = {2007},
 issn = {0097-8418},
 pages = {317--321},
 numpages = {5},
 url = {http://doi.acm.org/10.1145/1227504.1227421},
 doi = {10.1145/1227504.1227421},
 acmid = {1227421},
 publisher = {ACM},
 address = {New York, NY, USA},
 keywords = {courseware, education, software engineering, software tools},
}

@inproceedings{Reid:2007:DSP:1227310.1227421,
 author = {Reid, Karen L. and Wilson, Gregory V.},
 title = {DrProject: A Software Project Management Portal to Meet Educational Needs},
 booktitle = {Proceedings of the 38th SIGCSE Technical Symposium on Computer Science Education},
 series = {SIGCSE '07},
 year = {2007},
 isbn = {1-59593-361-1},
 location = {Covington, Kentucky, USA},
 pages = {317--321},
 numpages = {5},
 url = {http://doi.acm.org/10.1145/1227310.1227421},
 doi = {10.1145/1227310.1227421},
 acmid = {1227421},
 publisher = {ACM},
 address = {New York, NY, USA},
 keywords = {courseware, education, software engineering, software tools},
}

@inproceedings{Corley:2011:RTL:1987856.1987863,
 author = {Corley, Christopher S. and Kraft, Nicholas A. and Etzkorn, Letha H. and Lukins, Stacy K.},
 title = {Recovering Traceability Links Between Source Code and Fixed Bugs via Patch Analysis},
 booktitle = {Proceedings of the 6th International Workshop on Traceability in Emerging Forms of Software Engineering},
 series = {TEFSE '11},
 year = {2011},
 isbn = {978-1-4503-0589-1},
 location = {Waikiki, Honolulu, HI, USA},
 pages = {31--37},
 numpages = {7},
 url = {http://doi.acm.org/10.1145/1987856.1987863},
 doi = {10.1145/1987856.1987863},
 acmid = {1987863},
 publisher = {ACM},
 address = {New York, NY, USA},
 keywords = {bug assignment, bug mapping, link recovery, mining software repositories, trace automation, traceability},
}

@inproceedings{Sinnett:2004:OHC:1027802.1027851,
 author = {Sinnett, Christian J. and Barr, Tammy},
 title = {OSU Helpdesk: A Cost-effective Helpdesk Solution for Everyone},
 booktitle = {Proceedings of the 32Nd Annual ACM SIGUCCS Conference on User Services},
 series = {SIGUCCS '04},
 year = {2004},
 isbn = {1-58113-869-5},
 location = {Baltimore, MD, USA},
 pages = {209--216},
 numpages = {8},
 url = {http://doi.acm.org/10.1145/1027802.1027851},
 doi = {10.1145/1027802.1027851},
 acmid = {1027851},
 publisher = {ACM},
 address = {New York, NY, USA},
 keywords = {call tracking, helpdesk, inventory, knowledgebase, management tools, open source, scheduling, service level agreements, support tools},
}

@inproceedings{Ohira:2005:ACK:1083142.1083163,
 author = {Ohira, Masao and Ohsugi, Naoki and Ohoka, Tetsuya and Matsumoto, Ken-ichi},
 title = {Accelerating Cross-project Knowledge Collaboration Using Collaborative Filtering and Social Networks},
 booktitle = {Proceedings of the 2005 International Workshop on Mining Software Repositories},
 series = {MSR '05},
 year = {2005},
 isbn = {1-59593-123-6},
 location = {St. Louis, Missouri},
 pages = {1--5},
 numpages = {5},
 url = {http://doi.acm.org/10.1145/1082983.1083163},
 doi = {10.1145/1082983.1083163},
 acmid = {1083163},
 publisher = {ACM},
 address = {New York, NY, USA},
 keywords = {collaborative filtering, knowledge collaboration, social networks, visualization tool},
}

@article{Ohira:2005:ACK:1082983.1083163,
 author = {Ohira, Masao and Ohsugi, Naoki and Ohoka, Tetsuya and Matsumoto, Ken-ichi},
 title = {Accelerating Cross-project Knowledge Collaboration Using Collaborative Filtering and Social Networks},
 journal = {SIGSOFT Softw. Eng. Notes},
 issue_date = {July 2005},
 volume = {30},
 number = {4},
 month = may,
 year = {2005},
 issn = {0163-5948},
 pages = {1--5},
 numpages = {5},
 url = {http://doi.acm.org/10.1145/1082983.1083163},
 doi = {10.1145/1082983.1083163},
 acmid = {1083163},
 publisher = {ACM},
 address = {New York, NY, USA},
 keywords = {collaborative filtering, knowledge collaboration, social networks, visualization tool},
}

@inproceedings{Vyas:2013:ESM:2525194.2525269,
 author = {Vyas, Dhaval},
 title = {Ethnography of Software Maintenance Activities in an Industrial Engineering Setup},
 booktitle = {Proceedings of the 11th Asia Pacific Conference on Computer Human Interaction},
 series = {APCHI '13},
 year = {2013},
 isbn = {978-1-4503-2253-9},
 location = {Bangalore, India},
 pages = {242--246},
 numpages = {5},
 url = {http://doi.acm.org/10.1145/2525194.2525269},
 doi = {10.1145/2525194.2525269},
 acmid = {2525269},
 publisher = {ACM},
 address = {New York, NY, USA},
 keywords = {design, ethnography, software bug-fixing},
}

@inproceedings{Bachmann:2009:SPD:1595808.1595830,
 author = {Bachmann, Adrian and Bernstein, Abraham},
 title = {Software Process Data Quality and Characteristics: A Historical View on Open and Closed Source Projects},
 booktitle = {Proceedings of the Joint International and Annual ERCIM Workshops on Principles of Software Evolution (IWPSE) and Software Evolution (Evol) Workshops},
 series = {IWPSE-Evol '09},
 year = {2009},
 isbn = {978-1-60558-678-6},
 location = {Amsterdam, The Netherlands},
 pages = {119--128},
 numpages = {10},
 url = {http://doi.acm.org/10.1145/1595808.1595830},
 doi = {10.1145/1595808.1595830},
 acmid = {1595830},
 publisher = {ACM},
 address = {New York, NY, USA},
 keywords = {bug tracker, case study, closed source, data characteristics, data quality, open source, version control system},
}

@inproceedings{Halfaker:2013:MPP:2441776.2441872,
 author = {Halfaker, Aaron and Keyes, Oliver and Taraborelli, Dario},
 title = {Making Peripheral Participation Legitimate: Reader Engagement Experiments in Wikipedia},
 booktitle = {Proceedings of the 2013 Conference on Computer Supported Cooperative Work},
 series = {CSCW '13},
 year = {2013},
 isbn = {978-1-4503-1331-5},
 location = {San Antonio, Texas, USA},
 pages = {849--860},
 numpages = {12},
 url = {http://doi.acm.org/10.1145/2441776.2441872},
 doi = {10.1145/2441776.2441872},
 acmid = {2441872},
 publisher = {ACM},
 address = {New York, NY, USA},
 keywords = {experiment, legitimate peripheral participation, open production, participation, quatitative, social learning, wikipedia},
}

@inproceedings{Artho:2012:WSP:2664446.2664470,
 author = {Artho, Cyrille and Suzaki, Kuniyasu and Di Cosmo, Roberto and Treinen, Ralf and Zacchiroli, Stefano},
 title = {Why Do Software Packages Conflict?},
 booktitle = {Proceedings of the 9th IEEE Working Conference on Mining Software Repositories},
 series = {MSR '12},
 year = {2012},
 isbn = {978-1-4673-1761-0},
 location = {Zurich, Switzerland},
 pages = {141--150},
 numpages = {10},
 url = {http://dl.acm.org/citation.cfm?id=2664446.2664470},
 acmid = {2664470},
 publisher = {IEEE Press},
 address = {Piscataway, NJ, USA},
}

@inproceedings{DiRuscio:2015:OSM:2786805.2803186,
 author = {Di Ruscio, Davide and Kolovos, Dimitris S. and Korkontzelos, Ioannis and Matragkas, Nicholas and Vinju, Jurgen J.},
 title = {OSSMETER: A Software Measurement Platform for Automatically Analysing Open Source Software Projects},
 booktitle = {Proceedings of the 2015 10th Joint Meeting on Foundations of Software Engineering},
 series = {ESEC/FSE 2015},
 year = {2015},
 isbn = {978-1-4503-3675-8},
 location = {Bergamo, Italy},
 pages = {970--973},
 numpages = {4},
 url = {http://doi.acm.org/10.1145/2786805.2803186},
 doi = {10.1145/2786805.2803186},
 acmid = {2803186},
 publisher = {ACM},
 address = {New York, NY, USA},
 keywords = {Open source software, Source code analysis, Text mining techniques},
}

@inproceedings{Tosun:2009:PCD:1540438.1540453,
 author = {Tosun, Ay\c{s}e and Turhan, Burak and Bener, Ay\c{s}e},
 title = {Practical Considerations in Deploying AI for Defect Prediction: A Case Study Within the Turkish Telecommunication Industry},
 booktitle = {Proceedings of the 5th International Conference on Predictor Models in Software Engineering},
 series = {PROMISE '09},
 year = {2009},
 isbn = {978-1-60558-634-2},
 location = {Vancouver, British Columbia, Canada},
 pages = {11:1--11:9},
 articleno = {11},
 numpages = {9},
 url = {http://doi.acm.org/10.1145/1540438.1540453},
 doi = {10.1145/1540438.1540453},
 acmid = {1540453},
 publisher = {ACM},
 address = {New York, NY, USA},
 keywords = {AI methods, experience report, prediction, software defect prediction, static code attributes},
}

@inproceedings{DucAnh:2011:EVH:2020390.2020403,
 author = {Duc Anh, Nguyen and Cruzes, Daniela S. and Conradi, Reidar and Ayala, Claudia},
 title = {Empirical Validation of Human Factors in Predicting Issue Lead Time in Open Source Projects},
 booktitle = {Proceedings of the 7th International Conference on Predictive Models in Software Engineering},
 series = {Promise '11},
 year = {2011},
 isbn = {978-1-4503-0709-3},
 location = {Banff, Alberta, Canada},
 pages = {13:1--13:10},
 articleno = {13},
 numpages = {10},
 url = {http://doi.acm.org/10.1145/2020390.2020403},
 doi = {10.1145/2020390.2020403},
 acmid = {2020403},
 publisher = {ACM},
 address = {New York, NY, USA},
 keywords = {bug lead time, bug prediction, bug triage, classification model, empirical study, issue lead time, issue resolution time, regression model},
}

@inproceedings{Altinger:2015:NIG:2820518.2820596,
 author = {Altinger, Harald and Siegl, Sebastian and Dajsuren, Yanja and Wotawa, Franz},
 title = {A Novel Industry Grade Dataset for Fault Prediction Based on Model-driven Developed Automotive Embedded Software},
 booktitle = {Proceedings of the 12th Working Conference on Mining Software Repositories},
 series = {MSR '15},
 year = {2015},
 location = {Florence, Italy},
 pages = {494--497},
 numpages = {4},
 url = {http://dl.acm.org/citation.cfm?id=2820518.2820596},
 acmid = {2820596},
 publisher = {IEEE Press},
 address = {Piscataway, NJ, USA},
}

@inproceedings{Waiting:2008:OSD:1390576.1390627,
 author = {Waiting, David and Good, Richard and Spiers, Richard and Ventura, Neco},
 title = {Open Source Development Tools for IMS Research},
 booktitle = {Proceedings of the 4th International Conference on Testbeds and Research Infrastructures for the Development of Networks \& Communities},
 series = {TridentCom '08},
 year = {2008},
 isbn = {978-963-9799-24-0},
 location = {Innsbruck, Austria},
 pages = {41:1--41:10},
 articleno = {41},
 numpages = {10},
 url = {http://dl.acm.org/citation.cfm?id=1390576.1390627},
 acmid = {1390627},
 publisher = {ICST (Institute for Computer Sciences, Social-Informatics and Telecommunications Engineering)},
 address = {ICST, Brussels, Belgium, Belgium},
 keywords = {IMS, open source, testbed},
}

@article{Zhang:2014:ATV:2668018.2652483,
 author = {Zhang, Pingyu and Elbaum, Sebastian},
 title = {Amplifying Tests to Validate Exception Handling Code: An Extended Study in the Mobile Application Domain},
 journal = {ACM Trans. Softw. Eng. Methodol.},
 issue_date = {August 2014},
 volume = {23},
 number = {4},
 month = sep,
 year = {2014},
 issn = {1049-331X},
 pages = {32:1--32:28},
 articleno = {32},
 numpages = {28},
 url = {http://doi.acm.org/10.1145/2652483},
 doi = {10.1145/2652483},
 acmid = {2652483},
 publisher = {ACM},
 address = {New York, NY, USA},
 keywords = {Test transformation, exception handling, mobile applications, test amplification, test case generation},
}

@inproceedings{Sripada:2016:AEF:2856636.2856649,
 author = {Sripada, Sai Krishna and Reddy, Y. Raghu and Khandelwal, Shivam},
 title = {Architecting an Extensible Framework for Gamifying Software Engineering Concepts},
 booktitle = {Proceedings of the 9th India Software Engineering Conference},
 series = {ISEC '16},
 year = {2016},
 isbn = {978-1-4503-4018-2},
 location = {Goa, India},
 pages = {119--130},
 numpages = {12},
 url = {http://doi.acm.org/10.1145/2856636.2856649},
 doi = {10.1145/2856636.2856649},
 acmid = {2856649},
 publisher = {ACM},
 address = {New York, NY, USA},
 keywords = {Architecture, Code review, Game Design Elements, Gamification, REST API, Services, Web Hooks},
}

@article{Confer:2013:DPC:2460156.2460170,
 author = {Confer, William},
 title = {Distributed Project Control Management: Using Fossil to Get Beyond Source Control},
 journal = {J. Comput. Sci. Coll.},
 issue_date = {June 2013},
 volume = {28},
 number = {6},
 month = jun,
 year = {2013},
 issn = {1937-4771},
 pages = {67--68},
 numpages = {2},
 url = {http://dl.acm.org/citation.cfm?id=2460156.2460170},
 acmid = {2460170},
 publisher = {Consortium for Computing Sciences in Colleges},
 address = {USA},
}

@inproceedings{Ruohonen:2015:SET:2804360.2804367,
 author = {Ruohonen, Jukka and Hyrynsalmi, Sami and Lepp\"{a}nen, Ville},
 title = {Software Evolution and Time Series Volatility: An Empirical Exploration},
 booktitle = {Proceedings of the 14th International Workshop on Principles of Software Evolution},
 series = {IWPSE 2015},
 year = {2015},
 isbn = {978-1-4503-3816-5},
 location = {Bergamo, Italy},
 pages = {56--65},
 numpages = {10},
 url = {http://doi.acm.org/10.1145/2804360.2804367},
 doi = {10.1145/2804360.2804367},
 acmid = {2804367},
 publisher = {ACM},
 address = {New York, NY, USA},
 keywords = {ARIMA, FreeBSD, GARCH, Software evolution, code churn, conditional variance, time series analysis, volatility},
}

@article{Burdge:2014:PSP:2544322.2544338,
 author = {Burdge, Darci and Postner, Lori and Ellis, Heidi J. C. and Hislop, Gregory W.},
 title = {Preparing for Student Participation in HFOSS Projects: FOSS Tools and Techniques},
 journal = {J. Comput. Sci. Coll.},
 issue_date = {January 2014},
 volume = {29},
 number = {3},
 month = jan,
 year = {2014},
 issn = {1937-4771},
 pages = {74--75},
 numpages = {2},
 url = {http://dl.acm.org/citation.cfm?id=2544322.2544338},
 acmid = {2544338},
 publisher = {Consortium for Computing Sciences in Colleges},
 address = {USA},
}

@inproceedings{Herzig:2013:IBI:2486788.2486840,
 author = {Herzig, Kim and Just, Sascha and Zeller, Andreas},
 title = {It\&\#039;s Not a Bug, It\&\#039;s a Feature: How Misclassification Impacts Bug Prediction},
 booktitle = {Proceedings of the 2013 International Conference on Software Engineering},
 series = {ICSE '13},
 year = {2013},
 isbn = {978-1-4673-3076-3},
 location = {San Francisco, CA, USA},
 pages = {392--401},
 numpages = {10},
 url = {http://dl.acm.org/citation.cfm?id=2486788.2486840},
 acmid = {2486840},
 publisher = {IEEE Press},
 address = {Piscataway, NJ, USA},
}

@inproceedings{Knab:2009:SVA:1595696.1595746,
 author = {Knab, Patrick and Knab, Patrick and Pinzger, Martin},
 title = {Smart Views for Analyzing Problem Reports: Tool Demo},
 booktitle = {Proceedings of the the 7th Joint Meeting of the European Software Engineering Conference and the ACM SIGSOFT Symposium on The Foundations of Software Engineering},
 series = {ESEC/FSE '09},
 year = {2009},
 isbn = {978-1-60558-001-2},
 location = {Amsterdam, The Netherlands},
 pages = {289--290},
 numpages = {2},
 url = {http://doi.acm.org/10.1145/1595696.1595746},
 doi = {10.1145/1595696.1595746},
 acmid = {1595746},
 publisher = {ACM},
 address = {New York, NY, USA},
 keywords = {effort estimation, process metrics, visualization},
}

@inproceedings{Aggarwal:2014:CPD:2597073.2597120,
 author = {Aggarwal, Karan and Hindle, Abram and Stroulia, Eleni},
 title = {Co-evolution of Project Documentation and Popularity Within Github},
 booktitle = {Proceedings of the 11th Working Conference on Mining Software Repositories},
 series = {MSR 2014},
 year = {2014},
 isbn = {978-1-4503-2863-0},
 location = {Hyderabad, India},
 pages = {360--363},
 numpages = {4},
 url = {http://doi.acm.org/10.1145/2597073.2597120},
 doi = {10.1145/2597073.2597120},
 acmid = {2597120},
 publisher = {ACM},
 address = {New York, NY, USA},
 keywords = {Cross Correlation, Documentation Change, Popularity},
}

@inproceedings{Romo:2014:FGD:2641580.2641592,
 author = {Romo, Bilyaminu Auwal and Capiluppi, Andrea and Hall, Tracy},
 title = {Filling the Gaps of Development Logs and Bug Issue Data},
 booktitle = {Proceedings of The International Symposium on Open Collaboration},
 series = {OpenSym '14},
 year = {2014},
 isbn = {978-1-4503-3016-9},
 location = {Berlin, Germany},
 pages = {8:1--8:4},
 articleno = {8},
 numpages = {4},
 url = {http://doi.acm.org/10.1145/2641580.2641592},
 doi = {10.1145/2641580.2641592},
 acmid = {2641592},
 publisher = {ACM},
 address = {New York, NY, USA},
 keywords = {Bug traceability, bug-fixing commits},
}

@inproceedings{Gonzalez-Barahona:2010:CDF:1833272.1833278,
 author = {Gonzalez-Barahona, Jesus M. and Robles, Gregorio and Due\~{n}as, Santiago},
 title = {Collecting Data About FLOSS Development: The FLOSSMetrics Experience},
 booktitle = {Proceedings of the 3rd International Workshop on Emerging Trends in Free/Libre/Open Source Software Research and Development},
 series = {FLOSS '10},
 year = {2010},
 isbn = {978-1-60558-978-7},
 location = {Cape Town, South Africa},
 pages = {29--34},
 numpages = {6},
 url = {http://doi.acm.org/10.1145/1833272.1833278},
 doi = {10.1145/1833272.1833278},
 acmid = {1833278},
 publisher = {ACM},
 address = {New York, NY, USA},
}

@inproceedings{Holmes:2008:DIT:1370750.1370755,
 author = {Holmes, Reid and Begel, Andrew},
 title = {Deep Intellisense: A Tool for Rehydrating Evaporated Information},
 booktitle = {Proceedings of the 2008 International Working Conference on Mining Software Repositories},
 series = {MSR '08},
 year = {2008},
 isbn = {978-1-60558-024-1},
 location = {Leipzig, Germany},
 pages = {23--26},
 numpages = {4},
 url = {http://doi.acm.org/10.1145/1370750.1370755},
 doi = {10.1145/1370750.1370755},
 acmid = {1370755},
 publisher = {ACM},
 address = {New York, NY, USA},
 keywords = {code investigation, mining repositories},
}

@inproceedings{Gupta:2014:SSS:2597008.2597806,
 author = {Gupta, Shrinath and Singh, Himanshu Kumar and Venkatasubramanyam, Radhika D. and Uppili, Umesh},
 title = {SCQAM: A Scalable Structured Code Quality Assessment Method for Industrial Software},
 booktitle = {Proceedings of the 22Nd International Conference on Program Comprehension},
 series = {ICPC 2014},
 year = {2014},
 isbn = {978-1-4503-2879-1},
 location = {Hyderabad, India},
 pages = {244--252},
 numpages = {9},
 url = {http://doi.acm.org/10.1145/2597008.2597806},
 doi = {10.1145/2597008.2597806},
 acmid = {2597806},
 publisher = {ACM},
 address = {New York, NY, USA},
 keywords = {Code Analysis Tools, Software Code Assessment Method, Software Code Quality, Software Product Quality},
}

@inproceedings{Wang:2011:BIF:1984642.1984661,
 author = {Wang, Jianguo and Sarma, Anita},
 title = {Which Bug Should I Fix: Helping New Developers Onboard a New Project},
 booktitle = {Proceedings of the 4th International Workshop on Cooperative and Human Aspects of Software Engineering},
 series = {CHASE '11},
 year = {2011},
 isbn = {978-1-4503-0576-1},
 location = {Waikiki, Honolulu, HI, USA},
 pages = {76--79},
 numpages = {4},
 url = {http://doi.acm.org/10.1145/1984642.1984661},
 doi = {10.1145/1984642.1984661},
 acmid = {1984661},
 publisher = {ACM},
 address = {New York, NY, USA},
 keywords = {bug search, new developer, socio-technical dependency},
}

@inproceedings{Helming:2010:MIU:1810295.1810367,
 author = {Helming, Jonas and Koegel, Maximilian},
 title = {Managing Iterations with UNICASE},
 booktitle = {Proceedings of the 32Nd ACM/IEEE International Conference on Software Engineering - Volume 2},
 series = {ICSE '10},
 year = {2010},
 isbn = {978-1-60558-719-6},
 location = {Cape Town, South Africa},
 pages = {313--314},
 numpages = {2},
 url = {http://doi.acm.org/10.1145/1810295.1810367},
 doi = {10.1145/1810295.1810367},
 acmid = {1810367},
 publisher = {ACM},
 address = {New York, NY, USA},
}

@inproceedings{Xie:2014:PAR:2591062.2591073,
 author = {Xie, Jialiang and Zheng, Qimu and Zhou, Minghui and Mockus, Audris},
 title = {Product Assignment Recommender},
 booktitle = {Companion Proceedings of the 36th International Conference on Software Engineering},
 series = {ICSE Companion 2014},
 year = {2014},
 isbn = {978-1-4503-2768-8},
 location = {Hyderabad, India},
 pages = {556--559},
 numpages = {4},
 url = {http://doi.acm.org/10.1145/2591062.2591073},
 doi = {10.1145/2591062.2591073},
 acmid = {2591073},
 publisher = {ACM},
 address = {New York, NY, USA},
 keywords = {Data Quality, Product Assignment, Quality Monitoring},
}

@article{Murray:2012:ISD:2382887.2382922,
 author = {Murray, Meg},
 title = {Implementing a Software Development Production Environment for Student Use: Advantages and Challenges},
 journal = {J. Comput. Sci. Coll.},
 issue_date = {December 2012},
 volume = {28},
 number = {2},
 month = dec,
 year = {2012},
 issn = {1937-4771},
 pages = {225--231},
 numpages = {7},
 url = {http://dl.acm.org/citation.cfm?id=2382887.2382922},
 acmid = {2382922},
 publisher = {Consortium for Computing Sciences in Colleges},
 address = {USA},
}

@inproceedings{Gonzalez-Barahona:2015:MDC:2820518.2820592,
 author = {Gonzalez-Barahona, Jesus M. and Robles, Gregorio and Izquierdo-Cortazar, Daniel},
 title = {The MetricsGrimoire Database Collection},
 booktitle = {Proceedings of the 12th Working Conference on Mining Software Repositories},
 series = {MSR '15},
 year = {2015},
 location = {Florence, Italy},
 pages = {478--481},
 numpages = {4},
 url = {http://dl.acm.org/citation.cfm?id=2820518.2820592},
 acmid = {2820592},
 publisher = {IEEE Press},
 address = {Piscataway, NJ, USA},
}

@inproceedings{Sureka:2015:ASP:2723742.2723763,
 author = {Sureka, Ashish and Kumar, Atul and Gupta, Shrinath},
 title = {Ahaan: Software Process Intelligence: Mining Software Process Data for Extracting Actionable Information},
 booktitle = {Proceedings of the 8th India Software Engineering Conference},
 series = {ISEC '15},
 year = {2015},
 isbn = {978-1-4503-3432-7},
 location = {Bangalore, India},
 pages = {198--199},
 numpages = {2},
 url = {http://doi.acm.org/10.1145/2723742.2723763},
 doi = {10.1145/2723742.2723763},
 acmid = {2723763},
 publisher = {ACM},
 address = {New York, NY, USA},
 keywords = {Automated Software Engineering, Business Process Intelligence (BPI), Mining Software Repositories, Process Mining, Software Process Intelligence},
}

@inproceedings{Duc:2014:FCM:2652524.2652546,
 author = {Duc, Anh Nguyen and Mockus, Audris and Hackbarth, Randy and Palframan, John},
 title = {Forking and Coordination in Multi-platform Development: A Case Study},
 booktitle = {Proceedings of the 8th ACM/IEEE International Symposium on Empirical Software Engineering and Measurement},
 series = {ESEM '14},
 year = {2014},
 isbn = {978-1-4503-2774-9},
 location = {Torino, Italy},
 pages = {59:1--59:10},
 articleno = {59},
 numpages = {10},
 url = {http://doi.acm.org/10.1145/2652524.2652546},
 doi = {10.1145/2652524.2652546},
 acmid = {2652546},
 publisher = {ACM},
 address = {New York, NY, USA},
 keywords = {coordination, empirical study, fork, multiple platform development},
}

@inproceedings{Concas:2014:CDJ:2593868.2593879,
 author = {Concas, Giulio and Monni, Cristina and Orr\`{u}, Matteo and Tonelli, Roberto},
 title = {Clustering of Defects in Java Software Systems},
 booktitle = {Proceedings of the 5th International Workshop on Emerging Trends in Software Metrics},
 series = {WETSoM 2014},
 year = {2014},
 isbn = {978-1-4503-2854-8},
 location = {Hyderabad, India},
 pages = {59--65},
 numpages = {7},
 url = {http://doi.acm.org/10.1145/2593868.2593879},
 doi = {10.1145/2593868.2593879},
 acmid = {2593879},
 publisher = {ACM},
 address = {New York, NY, USA},
 keywords = {Bugs, Clustering, Software Networks},
}

@inproceedings{Mittal:2014:PMS:2591062.2591152,
 author = {Mittal, Megha and Sureka, Ashish},
 title = {Process Mining Software Repositories from Student Projects in an Undergraduate Software Engineering Course},
 booktitle = {Companion Proceedings of the 36th International Conference on Software Engineering},
 series = {ICSE Companion 2014},
 year = {2014},
 isbn = {978-1-4503-2768-8},
 location = {Hyderabad, India},
 pages = {344--353},
 numpages = {10},
 url = {http://doi.acm.org/10.1145/2591062.2591152},
 doi = {10.1145/2591062.2591152},
 acmid = {2591152},
 publisher = {ACM},
 address = {New York, NY, USA},
 keywords = {Education Data Mining, Learning Analytic, Mining Software Repositories, Process Mining, Software Engineering Education},
}

@inproceedings{Mockus:2013:RFA:2491411.2494572,
 author = {Mockus, Audris and Hackbarth, Randy and Palframan, John},
 title = {Risky Files: An Approach to Focus Quality Improvement Effort},
 booktitle = {Proceedings of the 2013 9th Joint Meeting on Foundations of Software Engineering},
 series = {ESEC/FSE 2013},
 year = {2013},
 isbn = {978-1-4503-2237-9},
 location = {Saint Petersburg, Russia},
 pages = {691--694},
 numpages = {4},
 url = {http://doi.acm.org/10.1145/2491411.2494572},
 doi = {10.1145/2491411.2494572},
 acmid = {2494572},
 publisher = {ACM},
 address = {New York, NY, USA},
 keywords = {Software quality assurance (SQA), defect prevention, defect tracking, risky file analysis, version control},
}

@inproceedings{Storey:2008:TBE:1368088.1368123,
 author = {Storey, Margaret-Anne and Ryall, Jody and Bull, R. Ian and Myers, Del and Singer, Janice},
 title = {TODO or to Bug: Exploring How Task Annotations Play a Role in the Work Practices of Software Developers},
 booktitle = {Proceedings of the 30th International Conference on Software Engineering},
 series = {ICSE '08},
 year = {2008},
 isbn = {978-1-60558-079-1},
 location = {Leipzig, Germany},
 pages = {251--260},
 numpages = {10},
 url = {http://doi.acm.org/10.1145/1368088.1368123},
 doi = {10.1145/1368088.1368123},
 acmid = {1368123},
 publisher = {ACM},
 address = {New York, NY, USA},
 keywords = {source code comments, task annotations, work practices},
}

@inproceedings{Brindescu:2014:CDV:2568225.2568322,
 author = {Brindescu, Caius and Codoban, Mihai and Shmarkatiuk, Sergii and Dig, Danny},
 title = {How Do Centralized and Distributed Version Control Systems Impact Software Changes?},
 booktitle = {Proceedings of the 36th International Conference on Software Engineering},
 series = {ICSE 2014},
 year = {2014},
 isbn = {978-1-4503-2756-5},
 location = {Hyderabad, India},
 pages = {322--333},
 numpages = {12},
 url = {http://doi.acm.org/10.1145/2568225.2568322},
 doi = {10.1145/2568225.2568322},
 acmid = {2568322},
 publisher = {ACM},
 address = {New York, NY, USA},
 keywords = {Centralized Version Control, Distributed Version Control, Software Change, Version Control},
}

@inproceedings{Sanchez:2014:DFC:2556624.2556638,
 author = {S\'{a}nchez, Ana B. and Segura, Sergio and Ruiz-Cort{\'e}s, Antonio},
 title = {The Drupal Framework: A Case Study to Evaluate Variability Testing Techniques},
 booktitle = {Proceedings of the Eighth International Workshop on Variability Modelling of Software-Intensive Systems},
 series = {VaMoS '14},
 year = {2013},
 isbn = {978-1-4503-2556-1},
 location = {Sophia Antipolis, France},
 pages = {11:1--11:8},
 articleno = {11},
 numpages = {8},
 url = {http://doi.acm.org/10.1145/2556624.2556638},
 doi = {10.1145/2556624.2556638},
 acmid = {2556638},
 publisher = {ACM},
 address = {New York, NY, USA},
 keywords = {automated testing, feature model, test case prioritization, test case selection, testing, variability},
}

@inproceedings{Gupta:2014:NPM:2591062.2591080,
 author = {Gupta, Monika},
 title = {Nirikshan: Process Mining Software Repositories to Identify Inefficiencies, Imperfections, and Enhance Existing Process Capabilities},
 booktitle = {Companion Proceedings of the 36th International Conference on Software Engineering},
 series = {ICSE Companion 2014},
 year = {2014},
 isbn = {978-1-4503-2768-8},
 location = {Hyderabad, India},
 pages = {658--661},
 numpages = {4},
 url = {http://doi.acm.org/10.1145/2591062.2591080},
 doi = {10.1145/2591062.2591080},
 acmid = {2591080},
 publisher = {ACM},
 address = {New York, NY, USA},
 keywords = {Business Process Intelligence, Empirical Software Engineering and Measurements, Mining Software Repositories, Open-Source Software, Process Mining},
}

@article{Monperrus:2013:DMM:2430536.2430541,
 author = {Monperrus, Martin and Mezini, Mira},
 title = {Detecting Missing Method Calls As Violations of the Majority Rule},
 journal = {ACM Trans. Softw. Eng. Methodol.},
 issue_date = {February 2013},
 volume = {22},
 number = {1},
 month = mar,
 year = {2013},
 issn = {1049-331X},
 pages = {7:1--7:25},
 articleno = {7},
 numpages = {25},
 url = {http://doi.acm.org/10.1145/2430536.2430541},
 doi = {10.1145/2430536.2430541},
 acmid = {2430541},
 publisher = {ACM},
 address = {New York, NY, USA},
 keywords = {Bugdetection, data mining, static analysis},
}

@inproceedings{Delaitre:2015:EBF:2819419.2819423,
 author = {Delaitre, Aurelien and Stivalet, Bertrand and Fong, Elizabeth and Okun, Vadim},
 title = {Evaluating Bug Finders: Test and Measurement of Static Code Analyzers},
 booktitle = {Proceedings of the First International Workshop on Complex faUlts and Failures in LargE Software Systems},
 series = {COUFLESS '15},
 year = {2015},
 location = {Florence, Italy},
 pages = {14--20},
 numpages = {7},
 url = {http://dl.acm.org/citation.cfm?id=2819419.2819423},
 acmid = {2819423},
 publisher = {IEEE Press},
 address = {Piscataway, NJ, USA},
 keywords = {software assurance, software faults, software vulnerability, static analysis tools},
}

@inproceedings{Conlon:2007:OYH:1294046.1294056,
 author = {Conlon, Matthew J.},
 title = {Overhaul Your Helpdesk Ticketing System},
 booktitle = {Proceedings of the 35th  Annual ACM SIGUCCS Fall Conference},
 series = {SIGUCCS '07},
 year = {2007},
 isbn = {978-1-59593-634-9},
 location = {Orlando, Florida, USA},
 pages = {37--40},
 numpages = {4},
 url = {http://doi.acm.org/10.1145/1294046.1294056},
 doi = {10.1145/1294046.1294056},
 acmid = {1294056},
 publisher = {ACM},
 address = {New York, NY, USA},
 keywords = {customer support, desktop support, helpdesk, incident, issue, knowledge base, problem, request, service desk, ticket, ticketing system, tracking, web-based software, work request},
}

@inproceedings{Dit:2014:ITC:2591062.2591064,
 author = {Dit, Bogdan and Wagner, Michael and Wen, Shasha and Wang, Weilin and Linares-V\'{a}squez, Mario and Poshyvanyk, Denys and Kagdi, Huzefa},
 title = {ImpactMiner: A Tool for Change Impact Analysis},
 booktitle = {Companion Proceedings of the 36th International Conference on Software Engineering},
 series = {ICSE Companion 2014},
 year = {2014},
 isbn = {978-1-4503-2768-8},
 location = {Hyderabad, India},
 pages = {540--543},
 numpages = {4},
 url = {http://doi.acm.org/10.1145/2591062.2591064},
 doi = {10.1145/2591062.2591064},
 acmid = {2591064},
 publisher = {ACM},
 address = {New York, NY, USA},
 keywords = {Change impact analysis, dynamic analysis, information retrieval, repository mining, subversion},
}

@inproceedings{Keivanloo:2012:LDP:2664446.2664451,
 author = {Keivanloo, Iman and Forbes, Christopher and Hmood, Aseel and Erfani, Mostafa and Neal, Christopher and Peristerakis, George and Rilling, Juergen},
 title = {A Linked Data Platform for Mining Software Repositories},
 booktitle = {Proceedings of the 9th IEEE Working Conference on Mining Software Repositories},
 series = {MSR '12},
 year = {2012},
 isbn = {978-1-4673-1761-0},
 location = {Zurich, Switzerland},
 pages = {32--35},
 numpages = {4},
 url = {http://dl.acm.org/citation.cfm?id=2664446.2664451},
 acmid = {2664451},
 publisher = {IEEE Press},
 address = {Piscataway, NJ, USA},
 keywords = {fact sharing, linked data, software mining},
}

@inproceedings{Kim:2014:SAM:2656434.2656440,
 author = {Kim, William and Chung, Sam and Endicott-Popovsky, Barbara},
 title = {Software Architecture Model Driven Reverse Engineering Approach to Open Source Software Development},
 booktitle = {Proceedings of the 3rd Annual Conference on Research in Information Technology},
 series = {RIIT '14},
 year = {2014},
 isbn = {978-1-4503-2711-4},
 location = {Atlanta, Georgia, USA},
 pages = {9--14},
 numpages = {6},
 url = {http://doi.acm.org/10.1145/2656434.2656440},
 doi = {10.1145/2656434.2656440},
 acmid = {2656440},
 publisher = {ACM},
 address = {New York, NY, USA},
 keywords = {model-driven software engineering, open source software development, software architecture documentation},
}

@inproceedings{Beck:2015:RUI:2820282.2820304,
 author = {Beck, Fabian and Dit, Bogdan and Velasco-Madden, Jaleo and Weiskopf, Daniel and Poshyvanyk, Denys},
 title = {Rethinking User Interfaces for Feature Location},
 booktitle = {Proceedings of the 2015 IEEE 23rd International Conference on Program Comprehension},
 series = {ICPC '15},
 year = {2015},
 location = {Florence, Italy},
 pages = {151--162},
 numpages = {12},
 url = {http://dl.acm.org/citation.cfm?id=2820282.2820304},
 acmid = {2820304},
 publisher = {IEEE Press},
 address = {Piscataway, NJ, USA},
}

@inproceedings{Monperrus:2010:DMM:1883978.1883982,
 author = {Monperrus, Martin and Bruch, Marcel and Mezini, Mira},
 title = {Detecting Missing Method Calls in Object-oriented Software},
 booktitle = {Proceedings of the 24th European Conference on Object-oriented Programming},
 series = {ECOOP'10},
 year = {2010},
 isbn = {3-642-14106-4, 978-3-642-14106-5},
 location = {Maribor, Slovenia},
 pages = {2--25},
 numpages = {24},
 url = {http://dl.acm.org/citation.cfm?id=1883978.1883982},
 acmid = {1883982},
 publisher = {Springer-Verlag},
 address = {Berlin, Heidelberg},
}

@inproceedings{Gunawi:2014:BLC:2670979.2670986,
 author = {Gunawi, Haryadi S. and Hao, Mingzhe and Leesatapornwongsa, Tanakorn and Patana-anake, Tiratat and Do, Thanh and Adityatama, Jeffry and Eliazar, Kurnia J. and Laksono, Agung and Lukman, Jeffrey F. and Martin, Vincentius and Satria, Anang D.},
 title = {What Bugs Live in the Cloud? A Study of 3000+ Issues in Cloud Systems},
 booktitle = {Proceedings of the ACM Symposium on Cloud Computing},
 series = {SOCC '14},
 year = {2014},
 isbn = {978-1-4503-3252-1},
 location = {Seattle, WA, USA},
 pages = {7:1--7:14},
 articleno = {7},
 numpages = {14},
 url = {http://doi.acm.org/10.1145/2670979.2670986},
 doi = {10.1145/2670979.2670986},
 acmid = {2670986},
 publisher = {ACM},
 address = {New York, NY, USA},
}

@inproceedings{Sridhara:2015:NNL:2723742.2723758,
 author = {Sridhara, Giriprasad and Sinha, Vibha Singhal and Mani, Senthil},
 title = {Naturalness of Natural Language Artifacts in Software},
 booktitle = {Proceedings of the 8th India Software Engineering Conference},
 series = {ISEC '15},
 year = {2015},
 isbn = {978-1-4503-3432-7},
 location = {Bangalore, India},
 pages = {156--165},
 numpages = {10},
 url = {http://doi.acm.org/10.1145/2723742.2723758},
 doi = {10.1145/2723742.2723758},
 acmid = {2723758},
 publisher = {ACM},
 address = {New York, NY, USA},
}

@inproceedings{Humphrey:1990:RS:317498.317687,
 author = {Humphrey, Watts},
 title = {Review of the State-of-the-art (Session Summary)},
 booktitle = {Proceedings of the 5th International Software Process Workshop on Experience with Software Process Models},
 series = {ISPW '90},
 year = {1990},
 isbn = {0-8186-2104-4},
 location = {Kennebunkport, Maine, USA},
 pages = {7--11},
 numpages = {5},
 url = {http://dl.acm.org/citation.cfm?id=317498.317687},
 acmid = {317687},
 publisher = {IEEE Computer Society Press},
 address = {Los Alamitos, CA, USA},
}

@article{Gu:2012:RDK:2398857.2384684,
 author = {Gu, Zhongxian and Barr, Earl T. and Schleck, Drew and Su, Zhendong},
 title = {Reusing Debugging Knowledge via Trace-based Bug Search},
 journal = {SIGPLAN Not.},
 issue_date = {October 2012},
 volume = {47},
 number = {10},
 month = oct,
 year = {2012},
 issn = {0362-1340},
 pages = {927--942},
 numpages = {16},
 url = {http://doi.acm.org/10.1145/2398857.2384684},
 doi = {10.1145/2398857.2384684},
 acmid = {2384684},
 publisher = {ACM},
 address = {New York, NY, USA},
 keywords = {oscilloscope, reusing debugging knowledge},
}

@inproceedings{Gu:2012:RDK:2384616.2384684,
 author = {Gu, Zhongxian and Barr, Earl T. and Schleck, Drew and Su, Zhendong},
 title = {Reusing Debugging Knowledge via Trace-based Bug Search},
 booktitle = {Proceedings of the ACM International Conference on Object Oriented Programming Systems Languages and Applications},
 series = {OOPSLA '12},
 year = {2012},
 isbn = {978-1-4503-1561-6},
 location = {Tucson, Arizona, USA},
 pages = {927--942},
 numpages = {16},
 url = {http://doi.acm.org/10.1145/2384616.2384684},
 doi = {10.1145/2384616.2384684},
 acmid = {2384684},
 publisher = {ACM},
 address = {New York, NY, USA},
 keywords = {oscilloscope, reusing debugging knowledge},
}

@article{Kuhn:1999:FCE:322993.322996,
 author = {Kuhn, D. Richard},
 title = {Fault Classes and Error Detection Capability of Specification-based Testing},
 journal = {ACM Trans. Softw. Eng. Methodol.},
 issue_date = {Oct. 1999},
 volume = {8},
 number = {4},
 month = oct,
 year = {1999},
 issn = {1049-331X},
 pages = {411--424},
 numpages = {14},
 url = {http://doi.acm.org/10.1145/322993.322996},
 doi = {10.1145/322993.322996},
 acmid = {322996},
 publisher = {ACM},
 address = {New York, NY, USA},
 keywords = {testing},
}

@inproceedings{Zamfir:2010:EST:1755913.1755946,
 author = {Zamfir, Cristian and Candea, George},
 title = {Execution Synthesis: A Technique for Automated Software Debugging},
 booktitle = {Proceedings of the 5th European Conference on Computer Systems},
 series = {EuroSys '10},
 year = {2010},
 isbn = {978-1-60558-577-2},
 location = {Paris, France},
 pages = {321--334},
 numpages = {14},
 url = {http://doi.acm.org/10.1145/1755913.1755946},
 doi = {10.1145/1755913.1755946},
 acmid = {1755946},
 publisher = {ACM},
 address = {New York, NY, USA},
 keywords = {automated debugging, symbolic execution},
}

@article{Goldberg:1992:UCF:138859.138867,
 author = {Goldberg, David and Nichols, David and Oki, Brian M. and Terry, Douglas},
 title = {Using Collaborative Filtering to Weave an Information Tapestry},
 journal = {Commun. ACM},
 issue_date = {Dec. 1992},
 volume = {35},
 number = {12},
 month = dec,
 year = {1992},
 issn = {0001-0782},
 pages = {61--70},
 numpages = {10},
 url = {http://doi.acm.org/10.1145/138859.138867},
 doi = {10.1145/138859.138867},
 acmid = {138867},
 publisher = {ACM},
 address = {New York, NY, USA},
 keywords = {information filtering, tapestry},
}

@inproceedings{Pathak:2011:BED:2070562.2070567,
 author = {Pathak, Abhinav and Hu, Y. Charlie and Zhang, Ming},
 title = {Bootstrapping Energy Debugging on Smartphones: A First Look at Energy Bugs in Mobile Devices},
 booktitle = {Proceedings of the 10th ACM Workshop on Hot Topics in Networks},
 series = {HotNets-X},
 year = {2011},
 isbn = {978-1-4503-1059-8},
 location = {Cambridge, Massachusetts},
 pages = {5:1--5:6},
 articleno = {5},
 numpages = {6},
 url = {http://doi.acm.org/10.1145/2070562.2070567},
 doi = {10.1145/2070562.2070567},
 acmid = {2070567},
 publisher = {ACM},
 address = {New York, NY, USA},
 keywords = {ebug, energy, energy bug},
}

@inproceedings{WeiBgerber:2006:RLE:1137983.1138011,
 author = {Wei\ssgerber, Peter and Diehl, Stephan},
 title = {Are Refactorings Less Error-prone Than Other Changes?},
 booktitle = {Proceedings of the 2006 International Workshop on Mining Software Repositories},
 series = {MSR '06},
 year = {2006},
 isbn = {1-59593-397-2},
 location = {Shanghai, China},
 pages = {112--118},
 numpages = {7},
 url = {http://doi.acm.org/10.1145/1137983.1138011},
 doi = {10.1145/1137983.1138011},
 acmid = {1138011},
 publisher = {ACM},
 address = {New York, NY, USA},
 keywords = {re-engineering, refactoring, reverse engineering, software evolution},
}

@inproceedings{Sun:2014:QSS:2635868.2635902,
 author = {Sun, Chengnian and Zhang, Haidong and Lou, Jian-Guang and Zhang, Hongyu and Wang, Qiang and Zhang, Dongmei and Khoo, Siau-Cheng},
 title = {Querying Sequential Software Engineering Data},
 booktitle = {Proceedings of the 22Nd ACM SIGSOFT International Symposium on Foundations of Software Engineering},
 series = {FSE 2014},
 year = {2014},
 isbn = {978-1-4503-3056-5},
 location = {Hong Kong, China},
 pages = {700--710},
 numpages = {11},
 url = {http://doi.acm.org/10.1145/2635868.2635902},
 doi = {10.1145/2635868.2635902},
 acmid = {2635902},
 publisher = {ACM},
 address = {New York, NY, USA},
 keywords = {mining software repository, pattern matching, query, sequential data},
}

@inproceedings{Nichols:2010:ABL:1900008.1900090,
 author = {Nichols, Brent D.},
 title = {Augmented Bug Localization Using Past Bug Information},
 booktitle = {Proceedings of the 48th Annual Southeast Regional Conference},
 series = {ACM SE '10},
 year = {2010},
 isbn = {978-1-4503-0064-3},
 location = {Oxford, Mississippi},
 pages = {61:1--61:6},
 articleno = {61},
 numpages = {6},
 url = {http://doi.acm.org/10.1145/1900008.1900090},
 doi = {10.1145/1900008.1900090},
 acmid = {1900090},
 publisher = {ACM},
 address = {New York, NY, USA},
 keywords = {LSI, bug localization, bugs, patch},
}

@inproceedings{Wang:2014:VHS:2597008.2597148,
 author = {Wang, Shaowei and Lo, David},
 title = {Version History, Similar Report, and Structure: Putting Them Together for Improved Bug Localization},
 booktitle = {Proceedings of the 22Nd International Conference on Program Comprehension},
 series = {ICPC 2014},
 year = {2014},
 isbn = {978-1-4503-2879-1},
 location = {Hyderabad, India},
 pages = {53--63},
 numpages = {11},
 url = {http://doi.acm.org/10.1145/2597008.2597148},
 doi = {10.1145/2597008.2597148},
 acmid = {2597148},
 publisher = {ACM},
 address = {New York, NY, USA},
 keywords = {Bug Localization, Similar Report, Structure, Version History},
}

@article{Abraham:2013:SDD:2536222.2536231,
 author = {Abraham, Lior and Allen, John and Barykin, Oleksandr and Borkar, Vinayak and Chopra, Bhuwan and Gerea, Ciprian and Merl, Daniel and Metzler, Josh and Reiss, David and Subramanian, Subbu and Wiener, Janet L. and Zed, Okay},
 title = {Scuba: Diving into Data at Facebook},
 journal = {Proc. VLDB Endow.},
 issue_date = {August 2013},
 volume = {6},
 number = {11},
 month = aug,
 year = {2013},
 issn = {2150-8097},
 pages = {1057--1067},
 numpages = {11},
 url = {http://dx.doi.org/10.14778/2536222.2536231},
 doi = {10.14778/2536222.2536231},
 acmid = {2536231},
 publisher = {VLDB Endowment},
}

@inproceedings{Wang:2014:BEP:2591062.2591066,
 author = {Wang, Xinyu and Lo, David and Xia, Xin and Wang, Xingen and Kochhar, Pavneet Singh and Tian, Yuan and Yang, Xiaohu and Li, Shanping and Sun, Jianling and Zhou, Bo},
 title = {BOAT: An Experimental Platform for Researchers to Comparatively and Reproducibly Evaluate Bug Localization Techniques},
 booktitle = {Companion Proceedings of the 36th International Conference on Software Engineering},
 series = {ICSE Companion 2014},
 year = {2014},
 isbn = {978-1-4503-2768-8},
 location = {Hyderabad, India},
 pages = {572--575},
 numpages = {4},
 url = {http://doi.acm.org/10.1145/2591062.2591066},
 doi = {10.1145/2591062.2591066},
 acmid = {2591066},
 publisher = {ACM},
 address = {New York, NY, USA},
 keywords = {BOAT, Benchmark, Bug Localization, Experimental Platform},
}

@inproceedings{Zhang:2013:PBT:2486788.2486931,
 author = {Zhang, Hongyu and Gong, Liang and Versteeg, Steve},
 title = {Predicting Bug-fixing Time: An Empirical Study of Commercial Software Projects},
 booktitle = {Proceedings of the 2013 International Conference on Software Engineering},
 series = {ICSE '13},
 year = {2013},
 isbn = {978-1-4673-3076-3},
 location = {San Francisco, CA, USA},
 pages = {1042--1051},
 numpages = {10},
 url = {http://dl.acm.org/citation.cfm?id=2486788.2486931},
 acmid = {2486931},
 publisher = {IEEE Press},
 address = {Piscataway, NJ, USA},
}

@inproceedings{Bortis:2013:PTA:2486788.2486834,
 author = {Bortis, Gerald and Hoek, Andr{\'e} van der},
 title = {PorchLight: A Tag-based Approach to Bug Triaging},
 booktitle = {Proceedings of the 2013 International Conference on Software Engineering},
 series = {ICSE '13},
 year = {2013},
 isbn = {978-1-4673-3076-3},
 location = {San Francisco, CA, USA},
 pages = {342--351},
 numpages = {10},
 url = {http://dl.acm.org/citation.cfm?id=2486788.2486834},
 acmid = {2486834},
 publisher = {IEEE Press},
 address = {Piscataway, NJ, USA},
}

@inproceedings{Le:2014:CVV:2594291.2594334,
 author = {Le, Vu and Afshari, Mehrdad and Su, Zhendong},
 title = {Compiler Validation via Equivalence Modulo Inputs},
 booktitle = {Proceedings of the 35th ACM SIGPLAN Conference on Programming Language Design and Implementation},
 series = {PLDI '14},
 year = {2014},
 isbn = {978-1-4503-2784-8},
 location = {Edinburgh, United Kingdom},
 pages = {216--226},
 numpages = {11},
 url = {http://doi.acm.org/10.1145/2594291.2594334},
 doi = {10.1145/2594291.2594334},
 acmid = {2594334},
 publisher = {ACM},
 address = {New York, NY, USA},
 keywords = {automated testing, compiler testing, equivalent program variants, miscompilation},
}

@article{Le:2014:CVV:2666356.2594334,
 author = {Le, Vu and Afshari, Mehrdad and Su, Zhendong},
 title = {Compiler Validation via Equivalence Modulo Inputs},
 journal = {SIGPLAN Not.},
 issue_date = {June 2014},
 volume = {49},
 number = {6},
 month = jun,
 year = {2014},
 issn = {0362-1340},
 pages = {216--226},
 numpages = {11},
 url = {http://doi.acm.org/10.1145/2666356.2594334},
 doi = {10.1145/2666356.2594334},
 acmid = {2594334},
 publisher = {ACM},
 address = {New York, NY, USA},
 keywords = {automated testing, compiler testing, equivalent program variants, miscompilation},
}

@inproceedings{Choudhary:2011:DCI:1985793.1986024,
 author = {Choudhary, Shauvik Roy},
 title = {Detecting Cross-browser Issues in Web Applications},
 booktitle = {Proceedings of the 33rd International Conference on Software Engineering},
 series = {ICSE '11},
 year = {2011},
 isbn = {978-1-4503-0445-0},
 location = {Waikiki, Honolulu, HI, USA},
 pages = {1146--1148},
 numpages = {3},
 url = {http://doi.acm.org/10.1145/1985793.1986024},
 doi = {10.1145/1985793.1986024},
 acmid = {1986024},
 publisher = {ACM},
 address = {New York, NY, USA},
 keywords = {computer vision, dynamic analysis, tree matching, web testing},
}

@inproceedings{Shihab:2012:MCA:2664446.2664462,
 author = {Shihab, Emad and Kamei, Yasutaka and Bhattacharya, Pamela},
 title = {Mining Challenge 2012: The Android Platform},
 booktitle = {Proceedings of the 9th IEEE Working Conference on Mining Software Repositories},
 series = {MSR '12},
 year = {2012},
 isbn = {978-1-4673-1761-0},
 location = {Zurich, Switzerland},
 pages = {112--115},
 numpages = {4},
 url = {http://dl.acm.org/citation.cfm?id=2664446.2664462},
 acmid = {2664462},
 publisher = {IEEE Press},
 address = {Piscataway, NJ, USA},
 keywords = {Android platform, MSR challenge, mining software repositories},
}

@inproceedings{Zeller:2008:LS:1342211.1342212,
 author = {Zeller, Andreas},
 title = {Learning from Software},
 booktitle = {Proceedings of the 1st India Software Engineering Conference},
 series = {ISEC '08},
 year = {2008},
 isbn = {978-1-59593-917-3},
 location = {Hyderabad, India},
 pages = {1--1},
 numpages = {1},
 url = {http://doi.acm.org/10.1145/1342211.1342212},
 doi = {10.1145/1342211.1342212},
 acmid = {1342212},
 publisher = {ACM},
 address = {New York, NY, USA},
 keywords = {mining software archives},
}

@article{Jin:2011:AAF:1993316.1993544,
 author = {Jin, Guoliang and Song, Linhai and Zhang, Wei and Lu, Shan and Liblit, Ben},
 title = {Automated Atomicity-violation Fixing},
 journal = {SIGPLAN Not.},
 issue_date = {June 2011},
 volume = {46},
 number = {6},
 month = jun,
 year = {2011},
 issn = {0362-1340},
 pages = {389--400},
 numpages = {12},
 url = {http://doi.acm.org/10.1145/1993316.1993544},
 doi = {10.1145/1993316.1993544},
 acmid = {1993544},
 publisher = {ACM},
 address = {New York, NY, USA},
 keywords = {atomicity violations, automated debugging, concurrency, critical regions, deadlock, mutex locks, mutual exclusion, patching, static analysis},
}

@inproceedings{Jin:2011:AAF:1993498.1993544,
 author = {Jin, Guoliang and Song, Linhai and Zhang, Wei and Lu, Shan and Liblit, Ben},
 title = {Automated Atomicity-violation Fixing},
 booktitle = {Proceedings of the 32Nd ACM SIGPLAN Conference on Programming Language Design and Implementation},
 series = {PLDI '11},
 year = {2011},
 isbn = {978-1-4503-0663-8},
 location = {San Jose, California, USA},
 pages = {389--400},
 numpages = {12},
 url = {http://doi.acm.org/10.1145/1993498.1993544},
 doi = {10.1145/1993498.1993544},
 acmid = {1993544},
 publisher = {ACM},
 address = {New York, NY, USA},
 keywords = {atomicity violations, automated debugging, concurrency, critical regions, deadlock, mutex locks, mutual exclusion, patching, static analysis},
}

@inproceedings{Burg:2013:IRW:2501988.2502050,
 author = {Burg, Brian and Bailey, Richard and Ko, Andrew J. and Ernst, Michael D.},
 title = {Interactive Record/Replay for Web Application Debugging},
 booktitle = {Proceedings of the 26th Annual ACM Symposium on User Interface Software and Technology},
 series = {UIST '13},
 year = {2013},
 isbn = {978-1-4503-2268-3},
 location = {St. Andrews, Scotland, United Kingdom},
 pages = {473--484},
 numpages = {12},
 url = {http://doi.acm.org/10.1145/2501988.2502050},
 doi = {10.1145/2501988.2502050},
 acmid = {2502050},
 publisher = {ACM},
 address = {New York, NY, USA},
 keywords = {debugging, deterministic replay, web applications},
}

@inproceedings{Fernandes:2013:PPN:2462476.2466522,
 author = {Fernandes, Sara and Cerone, Antonio and Barbosa, Luis Soares},
 title = {A Pilot Project on Non-conventional Learning},
 booktitle = {Proceedings of the 18th ACM Conference on Innovation and Technology in Computer Science Education},
 series = {ITiCSE '13},
 year = {2013},
 isbn = {978-1-4503-2078-8},
 location = {Canterbury, England, UK},
 pages = {346--346},
 numpages = {1},
 url = {http://doi.acm.org/10.1145/2462476.2466522},
 doi = {10.1145/2462476.2466522},
 acmid = {2466522},
 publisher = {ACM},
 address = {New York, NY, USA},
 keywords = {floss, non-conventional learning, peer-to-peer learning, software engineering},
}

@inproceedings{Pollock:2013:IWN:2486788.2487072,
 author = {Pollock, Lori and Binkley, David and Lawrie, Dawn and Hill, Emily and Oliveto, Rocco and Bavota, Gabriele and Bacchelli, Alberto},
 title = {1st International Workshop on Natural Language Analysis in Software Engineering (NaturaLiSE 2013)},
 booktitle = {Proceedings of the 2013 International Conference on Software Engineering},
 series = {ICSE '13},
 year = {2013},
 isbn = {978-1-4673-3076-3},
 location = {San Francisco, CA, USA},
 pages = {1537--1538},
 numpages = {2},
 url = {http://dl.acm.org/citation.cfm?id=2486788.2487072},
 acmid = {2487072},
 publisher = {IEEE Press},
 address = {Piscataway, NJ, USA},
}

@inproceedings{Le:2015:RSL:2771783.2771785,
 author = {Le, Vu and Sun, Chengnian and Su, Zhendong},
 title = {Randomized Stress-testing of Link-time Optimizers},
 booktitle = {Proceedings of the 2015 International Symposium on Software Testing and Analysis},
 series = {ISSTA 2015},
 year = {2015},
 isbn = {978-1-4503-3620-8},
 location = {Baltimore, MD, USA},
 pages = {327--337},
 numpages = {11},
 url = {http://doi.acm.org/10.1145/2771783.2771785},
 doi = {10.1145/2771783.2771785},
 acmid = {2771785},
 publisher = {ACM},
 address = {New York, NY, USA},
 keywords = {Compiler testing, automated testing, link-time optimizer},
}

@inproceedings{Lawrance:2008:UIS:1357054.1357261,
 author = {Lawrance, Joseph and Bellamy, Rachel and Burnett, Margaret and Rector, Kyle},
 title = {Using Information Scent to Model the Dynamic Foraging Behavior of Programmers in Maintenance Tasks},
 booktitle = {Proceedings of the SIGCHI Conference on Human Factors in Computing Systems},
 series = {CHI '08},
 year = {2008},
 isbn = {978-1-60558-011-1},
 location = {Florence, Italy},
 pages = {1323--1332},
 numpages = {10},
 url = {http://doi.acm.org/10.1145/1357054.1357261},
 doi = {10.1145/1357054.1357261},
 acmid = {1357261},
 publisher = {ACM},
 address = {New York, NY, USA},
 keywords = {debugging, information foraging, software maintenance},
}

@inproceedings{Tamrawi:2011:FSA:1985793.1985934,
 author = {Tamrawi, Ahmed and Nguyen, Tung Thanh and Al-Kofahi, Jafar and Nguyen, Tien N.},
 title = {Fuzzy Set-based Automatic Bug Triaging (NIER Track)},
 booktitle = {Proceedings of the 33rd International Conference on Software Engineering},
 series = {ICSE '11},
 year = {2011},
 isbn = {978-1-4503-0445-0},
 location = {Waikiki, Honolulu, HI, USA},
 pages = {884--887},
 numpages = {4},
 url = {http://doi.acm.org/10.1145/1985793.1985934},
 doi = {10.1145/1985793.1985934},
 acmid = {1985934},
 publisher = {ACM},
 address = {New York, NY, USA},
 keywords = {bug triaging, fuzzy set},
}

@inproceedings{Roehm:2014:RSF:2591062.2591101,
 author = {Roehm, Tobias and Bruegge, Bernd},
 title = {Reproducing Software Failures by Exploiting the Action History of Undo Features},
 booktitle = {Companion Proceedings of the 36th International Conference on Software Engineering},
 series = {ICSE Companion 2014},
 year = {2014},
 isbn = {978-1-4503-2768-8},
 location = {Hyderabad, India},
 pages = {496--499},
 numpages = {4},
 url = {http://doi.acm.org/10.1145/2591062.2591101},
 doi = {10.1145/2591062.2591101},
 acmid = {2591101},
 publisher = {ACM},
 address = {New York, NY, USA},
 keywords = {Action history of undo feature, Bug fixing, Fail- ure reproduction, Software maintenance, Steps to reproduce, Undo, User monitoring},
}

@inproceedings{Adamoli:2010:TCT:1879211.1879224,
 author = {Adamoli, Andrea and Hauswirth, Matthias},
 title = {Trevis: A Context Tree Visualization \&\#38; Analysis Framework and Its Use for Classifying Performance Failure Reports},
 booktitle = {Proceedings of the 5th International Symposium on Software Visualization},
 series = {SOFTVIS '10},
 year = {2010},
 isbn = {978-1-4503-0028-5},
 location = {Salt Lake City, Utah, USA},
 pages = {73--82},
 numpages = {10},
 url = {http://doi.acm.org/10.1145/1879211.1879224},
 doi = {10.1145/1879211.1879224},
 acmid = {1879224},
 publisher = {ACM},
 address = {New York, NY, USA},
 keywords = {perceptible performance, tree visualization and analysis},
}

@inproceedings{Wang:2014:FUC:2652524.2652536,
 author = {Wang, Song and Zhang, Wen and Wang, Qing},
 title = {FixerCache: Unsupervised Caching Active Developers for Diverse Bug Triage},
 booktitle = {Proceedings of the 8th ACM/IEEE International Symposium on Empirical Software Engineering and Measurement},
 series = {ESEM '14},
 year = {2014},
 isbn = {978-1-4503-2774-9},
 location = {Torino, Italy},
 pages = {25:1--25:10},
 articleno = {25},
 numpages = {10},
 url = {http://doi.acm.org/10.1145/2652524.2652536},
 doi = {10.1145/2652524.2652536},
 acmid = {2652536},
 publisher = {ACM},
 address = {New York, NY, USA},
 keywords = {bug triage, developers' activeness, developers' preferences},
}

@inproceedings{Rowe:1981:SAI:800175.809899,
 author = {Rowe, L.},
 title = {State of the Art Issues in Distributed Databases (Panel Session): Form-Flow Application Development},
 booktitle = {Proceedings of the ACM '81 Conference},
 series = {ACM '81},
 year = {1981},
 isbn = {0-89791-049-4},
 pages = {281--282},
 numpages = {2},
 url = {http://doi.acm.org/10.1145/800175.809899},
 doi = {10.1145/800175.809899},
 acmid = {809899},
 publisher = {ACM},
 address = {New York, NY, USA},
}

@article{Yuan:2012:ISD:2110356.2110360,
 author = {Yuan, Ding and Zheng, Jing and Park, Soyeon and Zhou, Yuanyuan and Savage, Stefan},
 title = {Improving Software Diagnosability via Log Enhancement},
 journal = {ACM Trans. Comput. Syst.},
 issue_date = {February 2012},
 volume = {30},
 number = {1},
 month = feb,
 year = {2012},
 issn = {0734-2071},
 pages = {4:1--4:28},
 articleno = {4},
 numpages = {28},
 url = {http://doi.acm.org/10.1145/2110356.2110360},
 doi = {10.1145/2110356.2110360},
 acmid = {2110360},
 publisher = {ACM},
 address = {New York, NY, USA},
 keywords = {Log, debugging, failure diagnostics, program analysis, software diagnosability},
}

@inproceedings{Bell:2013:CLR:2486788.2486836,
 author = {Bell, Jonathan and Sarda, Nikhil and Kaiser, Gail},
 title = {Chronicler: Lightweight Recording to Reproduce Field Failures},
 booktitle = {Proceedings of the 2013 International Conference on Software Engineering},
 series = {ICSE '13},
 year = {2013},
 isbn = {978-1-4673-3076-3},
 location = {San Francisco, CA, USA},
 pages = {362--371},
 numpages = {10},
 url = {http://dl.acm.org/citation.cfm?id=2486788.2486836},
 acmid = {2486836},
 publisher = {IEEE Press},
 address = {Piscataway, NJ, USA},
}

@inproceedings{Ko:2009:FCP:1518701.1518942,
 author = {Ko, Andrew J. and Myers, Brad A.},
 title = {Finding Causes of Program Output with the Java Whyline},
 booktitle = {Proceedings of the SIGCHI Conference on Human Factors in Computing Systems},
 series = {CHI '09},
 year = {2009},
 isbn = {978-1-60558-246-7},
 location = {Boston, MA, USA},
 pages = {1569--1578},
 numpages = {10},
 url = {http://doi.acm.org/10.1145/1518701.1518942},
 doi = {10.1145/1518701.1518942},
 acmid = {1518942},
 publisher = {ACM},
 address = {New York, NY, USA},
 keywords = {debugging, instrumentation, slicing, whyline},
}

@article{Bond:2010:BEC:1809028.1806599,
 author = {Bond, Michael D. and Baker, Graham Z. and Guyer, Samuel Z.},
 title = {Breadcrumbs: Efficient Context Sensitivity for Dynamic Bug Detection Analyses},
 journal = {SIGPLAN Not.},
 issue_date = {June 2010},
 volume = {45},
 number = {6},
 month = jun,
 year = {2010},
 issn = {0362-1340},
 pages = {13--24},
 numpages = {12},
 url = {http://doi.acm.org/10.1145/1809028.1806599},
 doi = {10.1145/1809028.1806599},
 acmid = {1806599},
 publisher = {ACM},
 address = {New York, NY, USA},
 keywords = {bug detection, context sensitivity, dynamic analysis},
}

@inproceedings{Bond:2010:BEC:1806596.1806599,
 author = {Bond, Michael D. and Baker, Graham Z. and Guyer, Samuel Z.},
 title = {Breadcrumbs: Efficient Context Sensitivity for Dynamic Bug Detection Analyses},
 booktitle = {Proceedings of the 31st ACM SIGPLAN Conference on Programming Language Design and Implementation},
 series = {PLDI '10},
 year = {2010},
 isbn = {978-1-4503-0019-3},
 location = {Toronto, Ontario, Canada},
 pages = {13--24},
 numpages = {12},
 url = {http://doi.acm.org/10.1145/1806596.1806599},
 doi = {10.1145/1806596.1806599},
 acmid = {1806599},
 publisher = {ACM},
 address = {New York, NY, USA},
 keywords = {bug detection, context sensitivity, dynamic analysis},
}

@inproceedings{Sharma:2013:UMB:2528228.2528244,
 author = {Sharma, Meera and Kumari, Madhu and Singh, V. B.},
 title = {Understanding the Meaning of Bug Attributes and Prediction Models},
 booktitle = {Proceedings of the 5th IBM Collaborative Academia Research Exchange Workshop},
 series = {I-CARE '13},
 year = {2013},
 isbn = {978-1-4503-2320-8},
 location = {New Delhi, India},
 pages = {15:1--15:4},
 articleno = {15},
 numpages = {4},
 url = {http://doi.acm.org/10.1145/2528228.2528244},
 doi = {10.1145/2528228.2528244},
 acmid = {2528244},
 publisher = {ACM},
 address = {New York, NY, USA},
 keywords = {cc list, fuzzy linear regression, multiple linear regression, open source software, prediction model, support vector regression, testing},
}

@inproceedings{Romo:2015:TAT:2745802.2745833,
 author = {Romo, Bilyaminu Auwal and Capiluppi, Andrea},
 title = {Towards an Automation of the Traceability of Bugs from Development Logs: A Study Based on Open Source Software},
 booktitle = {Proceedings of the 19th International Conference on Evaluation and Assessment in Software Engineering},
 series = {EASE '15},
 year = {2015},
 isbn = {978-1-4503-3350-4},
 location = {Nanjing, China},
 pages = {33:1--33:6},
 articleno = {33},
 numpages = {6},
 url = {http://doi.acm.org/10.1145/2745802.2745833},
 doi = {10.1145/2745802.2745833},
 acmid = {2745833},
 publisher = {ACM},
 address = {New York, NY, USA},
 keywords = {bug accuracy, bug traceability, bug-fixing commits},
}

@inproceedings{Artzi:2008:FBD:1390630.1390662,
 author = {Artzi, Shay and Kiezun, Adam and Dolby, Julian and Tip, Frank and Dig, Danny and Paradkar, Amit and Ernst, Michael D.},
 title = {Finding Bugs in Dynamic Web Applications},
 booktitle = {Proceedings of the 2008 International Symposium on Software Testing and Analysis},
 series = {ISSTA '08},
 year = {2008},
 isbn = {978-1-60558-050-0},
 location = {Seattle, WA, USA},
 pages = {261--272},
 numpages = {12},
 url = {http://doi.acm.org/10.1145/1390630.1390662},
 doi = {10.1145/1390630.1390662},
 acmid = {1390662},
 publisher = {ACM},
 address = {New York, NY, USA},
 keywords = {dynamic analysis, php, software testing, web applications},
}

@inproceedings{Nistor:2013:TDP:2486788.2486862,
 author = {Nistor, Adrian and Song, Linhai and Marinov, Darko and Lu, Shan},
 title = {Toddler: Detecting Performance Problems via Similar Memory-access Patterns},
 booktitle = {Proceedings of the 2013 International Conference on Software Engineering},
 series = {ICSE '13},
 year = {2013},
 isbn = {978-1-4673-3076-3},
 location = {San Francisco, CA, USA},
 pages = {562--571},
 numpages = {10},
 url = {http://dl.acm.org/citation.cfm?id=2486788.2486862},
 acmid = {2486862},
 publisher = {IEEE Press},
 address = {Piscataway, NJ, USA},
}

@article{Robles:2014:FRT:2674632.2674648,
 author = {Robles, Gregorio and Gonz\'{a}lez-Barahona, Jes\'{u}s M. and Riehle, Dirk},
 title = {FLOSS Research Track at the 10th International Symposium on Open Collaboration (OpenSym 2014)},
 journal = {SIGSOFT Softw. Eng. Notes},
 issue_date = {November 2014},
 volume = {39},
 number = {6},
 month = dec,
 year = {2014},
 issn = {0163-5948},
 pages = {26--27},
 numpages = {2},
 url = {http://doi.acm.org/10.1145/2674632.2674648},
 doi = {10.1145/2674632.2674648},
 acmid = {2674648},
 publisher = {ACM},
 address = {New York, NY, USA},
}

@inproceedings{Hindle:2007:RPD:1268983.1269033,
 author = {Hindle, Abram and Godfrey, Michael W. and Holt, Richard C.},
 title = {Release Pattern Discovery via Partitioning: Methodology and Case Study},
 booktitle = {Proceedings of the Fourth International Workshop on Mining Software Repositories},
 series = {MSR '07},
 year = {2007},
 isbn = {0-7695-2950-X},
 pages = {19--},
 url = {http://dx.doi.org/10.1109/MSR.2007.28},
 doi = {10.1109/MSR.2007.28},
 acmid = {1269033},
 publisher = {IEEE Computer Society},
 address = {Washington, DC, USA},
}

@inproceedings{Zhang:2012:ATV:2337223.2337293,
 author = {Zhang, Pingyu and Elbaum, Sebastian},
 title = {Amplifying Tests to Validate Exception Handling Code},
 booktitle = {Proceedings of the 34th International Conference on Software Engineering},
 series = {ICSE '12},
 year = {2012},
 isbn = {978-1-4673-1067-3},
 location = {Zurich, Switzerland},
 pages = {595--605},
 numpages = {11},
 url = {http://dl.acm.org/citation.cfm?id=2337223.2337293},
 acmid = {2337293},
 publisher = {IEEE Press},
 address = {Piscataway, NJ, USA},
}

@inproceedings{Ocariza,Jr.:2014:VSF:2568225.2568257,
 author = {Ocariza, Jr., Frolin S. and Pattabiraman, Karthik and Mesbah, Ali},
 title = {Vejovis: Suggesting Fixes for JavaScript Faults},
 booktitle = {Proceedings of the 36th International Conference on Software Engineering},
 series = {ICSE 2014},
 year = {2014},
 isbn = {978-1-4503-2756-5},
 location = {Hyderabad, India},
 pages = {837--847},
 numpages = {11},
 url = {http://doi.acm.org/10.1145/2568225.2568257},
 doi = {10.1145/2568225.2568257},
 acmid = {2568257},
 publisher = {ACM},
 address = {New York, NY, USA},
 keywords = {Document Object Model (DOM), JavaScript, fault repair},
}

@inproceedings{Rastkar:2013:WDT:2486788.2486959,
 author = {Rastkar, Sarah and Murphy, Gail C.},
 title = {Why Did This Code Change?},
 booktitle = {Proceedings of the 2013 International Conference on Software Engineering},
 series = {ICSE '13},
 year = {2013},
 isbn = {978-1-4673-3076-3},
 location = {San Francisco, CA, USA},
 pages = {1193--1196},
 numpages = {4},
 url = {http://dl.acm.org/citation.cfm?id=2486788.2486959},
 acmid = {2486959},
 publisher = {IEEE Press},
 address = {Piscataway, NJ, USA},
}

@inproceedings{Deshmukh:2009:SDA:1747491.1747542,
 author = {Deshmukh, Jyotirmoy and Emerson, E. Allen and Sankaranarayanan, Sriram},
 title = {Symbolic Deadlock Analysis in Concurrent Libraries and Their Clients},
 booktitle = {Proceedings of the 2009 IEEE/ACM International Conference on Automated Software Engineering},
 series = {ASE '09},
 year = {2009},
 isbn = {978-0-7695-3891-4},
 pages = {480--491},
 numpages = {12},
 url = {http://dx.doi.org/10.1109/ASE.2009.14},
 doi = {10.1109/ASE.2009.14},
 acmid = {1747542},
 publisher = {IEEE Computer Society},
 address = {Washington, DC, USA},
 keywords = {Deadlock Detection, SMT solvers, Static Analysis, Program Analysis, Concurrent Libraries},
}

@inproceedings{DiGiuseppe:2012:SFD:2393596.2393623,
 author = {DiGiuseppe, Nicholas and Jones, James A.},
 title = {Semantic Fault Diagnosis: Automatic Natural-language Fault Descriptions},
 booktitle = {Proceedings of the ACM SIGSOFT 20th International Symposium on the Foundations of Software Engineering},
 series = {FSE '12},
 year = {2012},
 isbn = {978-1-4503-1614-9},
 location = {Cary, North Carolina},
 pages = {23:1--23:4},
 articleno = {23},
 numpages = {4},
 url = {http://doi.acm.org/10.1145/2393596.2393623},
 doi = {10.1145/2393596.2393623},
 acmid = {2393623},
 publisher = {ACM},
 address = {New York, NY, USA},
 keywords = {maintenance, program comprehension, testing},
}

@inproceedings{Baysal:2013:IDD:2486788.2487019,
 author = {Baysal, Olga},
 title = {Informing Development Decisions: From Data to Information},
 booktitle = {Proceedings of the 2013 International Conference on Software Engineering},
 series = {ICSE '13},
 year = {2013},
 isbn = {978-1-4673-3076-3},
 location = {San Francisco, CA, USA},
 pages = {1407--1410},
 numpages = {4},
 url = {http://dl.acm.org/citation.cfm?id=2486788.2487019},
 acmid = {2487019},
 publisher = {IEEE Press},
 address = {Piscataway, NJ, USA},
}

@inproceedings{Zaman:2012:QSP:2664446.2664477,
 author = {Zaman, Shahed and Adams, Bram and Hassan, Ahmed E.},
 title = {A Qualitative Study on Performance Bugs},
 booktitle = {Proceedings of the 9th IEEE Working Conference on Mining Software Repositories},
 series = {MSR '12},
 year = {2012},
 isbn = {978-1-4673-1761-0},
 location = {Zurich, Switzerland},
 pages = {199--208},
 numpages = {10},
 url = {http://dl.acm.org/citation.cfm?id=2664446.2664477},
 acmid = {2664477},
 publisher = {IEEE Press},
 address = {Piscataway, NJ, USA},
 keywords = {Mozilla Firefox, chromium, performance bugs, qualitative study},
}

@inproceedings{Shepherd:2007:UNL:1218563.1218587,
 author = {Shepherd, David and Fry, Zachary P. and Hill, Emily and Pollock, Lori and Vijay-Shanker, K.},
 title = {Using Natural Language Program Analysis to Locate and Understand Action-oriented Concerns},
 booktitle = {Proceedings of the 6th International Conference on Aspect-oriented Software Development},
 series = {AOSD '07},
 year = {2007},
 isbn = {1-59593-615-7},
 location = {Vancouver, British Columbia, Canada},
 pages = {212--224},
 numpages = {13},
 url = {http://doi.acm.org/10.1145/1218563.1218587},
 doi = {10.1145/1218563.1218587},
 acmid = {1218587},
 publisher = {ACM},
 address = {New York, NY, USA},
 keywords = {feature location, program analysis, remodularization, reverse engineering},
}

@inproceedings{Zimmermann:2014:CIR:2593850.2593851,
 author = {Zimmermann, Thomas},
 title = {Confessions of an Industrial Researcher: A Typical Bollywood Story (Invited Talk)},
 booktitle = {Proceedings of the 1st International Workshop on Software Engineering Research and Industrial Practices},
 series = {SER\&\#38;IPs 2014},
 year = {2014},
 isbn = {978-1-4503-2859-3},
 location = {Hyderabad, India},
 pages = {1--1},
 numpages = {1},
 url = {http://doi.acm.org/10.1145/2593850.2593851},
 doi = {10.1145/2593850.2593851},
 acmid = {2593851},
 publisher = {ACM},
 address = {New York, NY, USA},
 keywords = {Analytics, Analyzing Software Data, Data Science, Industrial Research, Software Engineering},
}

@inproceedings{Son:2013:DDC:2508859.2516696,
 author = {Son, Sooel and McKinley, Kathryn S. and Shmatikov, Vitaly},
 title = {Diglossia: Detecting Code Injection Attacks with Precision and Efficiency},
 booktitle = {Proceedings of the 2013 ACM SIGSAC Conference on Computer \&\#38; Communications Security},
 series = {CCS '13},
 year = {2013},
 isbn = {978-1-4503-2477-9},
 location = {Berlin, Germany},
 pages = {1181--1192},
 numpages = {12},
 url = {http://doi.acm.org/10.1145/2508859.2516696},
 doi = {10.1145/2508859.2516696},
 acmid = {2516696},
 publisher = {ACM},
 address = {New York, NY, USA},
 keywords = {code injection, dynamic analysis, nosql injection, sql injection, taint tracking, web application security},
}

@inproceedings{Son:2013:DDC:2541806.2516696,
 author = {Son, Sooel and McKinley, Kathryn S. and Shmatikov, Vitaly},
 title = {Diglossia: detecting code injection attacks with precision and efficiency},
 booktitle = {Proceedings of the 2013 ACM SIGSAC conference on Computer \&\#38; communications security},
 series = {CCS '13},
 year = {2013},
 isbn = {978-1-4503-2477-9},
 location = {Berlin, Germany},
 pages = {1181--1192},
 numpages = {12},
 url = {http://doi.acm.org/10.1145/2508859.2516696},
 doi = {10.1145/2508859.2516696},
 acmid = {2516696},
 publisher = {ACM},
 address = {New York, NY, USA},
 keywords = {code injection, dynamic analysis, nosql injection, sql injection, taint tracking, web application security},
}

@inproceedings{Muntean:2014:CDI:2666581.2666591,
 author = {Muntean, Paul and Eckert, Claudia and Ibing, Andreas},
 title = {Context-sensitive Detection of Information Exposure Bugs with Symbolic Execution},
 booktitle = {Proceedings of the International Workshop on Innovative Software Development Methodologies and Practices},
 series = {InnoSWDev 2014},
 year = {2014},
 isbn = {978-1-4503-3226-2},
 location = {Hong Kong, China},
 pages = {84--93},
 numpages = {10},
 url = {http://doi.acm.org/10.1145/2666581.2666591},
 doi = {10.1145/2666581.2666591},
 acmid = {2666591},
 publisher = {ACM},
 address = {New York, NY, USA},
 keywords = {Software bugs, information-flow, integrated development environment, software testing, static taint analysis},
}

@inproceedings{Murgia:2010:MLA:1852786.1852794,
 author = {Murgia, Alessandro and Concas, Giulio and Marchesi, Michele and Tonelli, Roberto},
 title = {A Machine Learning Approach for Text Categorization of Fixing-issue Commits on CVS},
 booktitle = {Proceedings of the 2010 ACM-IEEE International Symposium on Empirical Software Engineering and Measurement},
 series = {ESEM '10},
 year = {2010},
 isbn = {978-1-4503-0039-1},
 location = {Bolzano-Bozen, Italy},
 pages = {6:1--6:10},
 articleno = {6},
 numpages = {10},
 url = {http://doi.acm.org/10.1145/1852786.1852794},
 doi = {10.1145/1852786.1852794},
 acmid = {1852794},
 publisher = {ACM},
 address = {New York, NY, USA},
 keywords = {classifier, data mining, machine learning},
}

@inproceedings{Servant:2012:WAD:2337223.2337228,
 author = {Servant, Francisco and Jones, James A.},
 title = {WhoseFault: Automatic Developer-to-fault Assignment Through Fault Localization},
 booktitle = {Proceedings of the 34th International Conference on Software Engineering},
 series = {ICSE '12},
 year = {2012},
 isbn = {978-1-4673-1067-3},
 location = {Zurich, Switzerland},
 pages = {36--46},
 numpages = {11},
 url = {http://dl.acm.org/citation.cfm?id=2337223.2337228},
 acmid = {2337228},
 publisher = {IEEE Press},
 address = {Piscataway, NJ, USA},
}

@inproceedings{Kasikci:2012:DRV:2150976.2150997,
 author = {Kasikci, Baris and Zamfir, Cristian and Candea, George},
 title = {Data Races vs. Data Race Bugs: Telling the Difference with Portend},
 booktitle = {Proceedings of the Seventeenth International Conference on Architectural Support for Programming Languages and Operating Systems},
 series = {ASPLOS XVII},
 year = {2012},
 isbn = {978-1-4503-0759-8},
 location = {London, England, UK},
 pages = {185--198},
 numpages = {14},
 url = {http://doi.acm.org/10.1145/2150976.2150997},
 doi = {10.1145/2150976.2150997},
 acmid = {2150997},
 publisher = {ACM},
 address = {New York, NY, USA},
 keywords = {concurrency, data races, testing, triage},
}

@article{Kasikci:2012:DRV:2189750.2150997,
 author = {Kasikci, Baris and Zamfir, Cristian and Candea, George},
 title = {Data Races vs. Data Race Bugs: Telling the Difference with Portend},
 journal = {SIGARCH Comput. Archit. News},
 issue_date = {March 2012},
 volume = {40},
 number = {1},
 month = mar,
 year = {2012},
 issn = {0163-5964},
 pages = {185--198},
 numpages = {14},
 url = {http://doi.acm.org/10.1145/2189750.2150997},
 doi = {10.1145/2189750.2150997},
 acmid = {2150997},
 publisher = {ACM},
 address = {New York, NY, USA},
 keywords = {concurrency, data races, testing, triage},
}

@article{Kasikci:2012:DRV:2248487.2150997,
 author = {Kasikci, Baris and Zamfir, Cristian and Candea, George},
 title = {Data Races vs. Data Race Bugs: Telling the Difference with Portend},
 journal = {SIGPLAN Not.},
 issue_date = {April 2012},
 volume = {47},
 number = {4},
 month = mar,
 year = {2012},
 issn = {0362-1340},
 pages = {185--198},
 numpages = {14},
 url = {http://doi.acm.org/10.1145/2248487.2150997},
 doi = {10.1145/2248487.2150997},
 acmid = {2150997},
 publisher = {ACM},
 address = {New York, NY, USA},
 keywords = {concurrency, data races, testing, triage},
}

@inproceedings{Wang:2014:BLV:2677832.2677833,
 author = {Wang, Qianxiang and Li, Xuan},
 title = {Bug Localization via Searching Crowd-contributed Code},
 booktitle = {Proceedings of the 6th Asia-Pacific Symposium on Internetware on Internetware},
 series = {INTERNETWARE 2014},
 year = {2014},
 isbn = {978-1-4503-3303-0},
 location = {Hong Kong, China},
 pages = {1--10},
 numpages = {10},
 url = {http://doi.acm.org/10.1145/2677832.2677833},
 doi = {10.1145/2677832.2677833},
 acmid = {2677833},
 publisher = {ACM},
 address = {New York, NY, USA},
 keywords = {Bug Localization, Deep Normalization, Semantically Equivalent Alignment},
}

@inproceedings{Sugiyama:1990:OOP:317498.317737,
 author = {Sugiyama, Yasuhiro and Horowitz, Ellis},
 title = {OPM: An Object Process Modeling Environment0},
 booktitle = {Proceedings of the 5th International Software Process Workshop on Experience with Software Process Models},
 series = {ISPW '90},
 year = {1990},
 isbn = {0-8186-2104-4},
 location = {Kennebunkport, Maine, USA},
 pages = {134--136},
 numpages = {3},
 url = {http://dl.acm.org/citation.cfm?id=317498.317737},
 acmid = {317737},
 publisher = {IEEE Computer Society Press},
 address = {Los Alamitos, CA, USA},
}

@inproceedings{Bodden:2011:SBP:2025113.2025201,
 author = {Bodden, Eric},
 title = {Stateful Breakpoints: A Practical Approach to Defining Parameterized Runtime Monitors},
 booktitle = {Proceedings of the 19th ACM SIGSOFT Symposium and the 13th European Conference on Foundations of Software Engineering},
 series = {ESEC/FSE '11},
 year = {2011},
 isbn = {978-1-4503-0443-6},
 location = {Szeged, Hungary},
 pages = {492--495},
 numpages = {4},
 url = {http://doi.acm.org/10.1145/2025113.2025201},
 doi = {10.1145/2025113.2025201},
 acmid = {2025201},
 publisher = {ACM},
 address = {New York, NY, USA},
 keywords = {parameterized runtime monitors, stateful breakpoints},
}

@inproceedings{Ponzanelli:2014:HRS:2591062.2591081,
 author = {Ponzanelli, Luca},
 title = {Holistic Recommender Systems for Software Engineering},
 booktitle = {Companion Proceedings of the 36th International Conference on Software Engineering},
 series = {ICSE Companion 2014},
 year = {2014},
 isbn = {978-1-4503-2768-8},
 location = {Hyderabad, India},
 pages = {686--689},
 numpages = {4},
 url = {http://doi.acm.org/10.1145/2591062.2591081},
 doi = {10.1145/2591062.2591081},
 acmid = {2591081},
 publisher = {ACM},
 address = {New York, NY, USA},
 keywords = {Developer Support, Recommender Systems},
}

@inproceedings{Guo:2014:UCT:2666539.2666568,
 author = {Guo, Lisha and Sun, Hailong and Liu, Xudong},
 title = {Using Clustering and Transitivity to Reduce the Costs of Crowdsourced Entity Resolution},
 booktitle = {Proceedings of the 1st International Workshop on Crowd-based Software Development Methods and Technologies},
 series = {CrowdSoft 2014},
 year = {2014},
 isbn = {978-1-4503-3224-8},
 location = {Hong Kong, China},
 pages = {13--18},
 numpages = {6},
 url = {http://doi.acm.org/10.1145/2666539.2666568},
 doi = {10.1145/2666539.2666568},
 acmid = {2666568},
 publisher = {ACM},
 address = {New York, NY, USA},
 keywords = {Crowdsourcing, Entity resolution, Software, clustering, transitivity},
}

@article{Deng:2013:ECD:2544173.2509539,
 author = {Deng, Dongdong and Zhang, Wei and Lu, Shan},
 title = {Efficient Concurrency-bug Detection Across Inputs},
 journal = {SIGPLAN Not.},
 issue_date = {October 2013},
 volume = {48},
 number = {10},
 month = oct,
 year = {2013},
 issn = {0362-1340},
 pages = {785--802},
 numpages = {18},
 url = {http://doi.acm.org/10.1145/2544173.2509539},
 doi = {10.1145/2544173.2509539},
 acmid = {2509539},
 publisher = {ACM},
 address = {New York, NY, USA},
 keywords = {bug detection, concurrency bugs, multi-threaded software, software testing},
}

@inproceedings{Deng:2013:ECD:2509136.2509539,
 author = {Deng, Dongdong and Zhang, Wei and Lu, Shan},
 title = {Efficient Concurrency-bug Detection Across Inputs},
 booktitle = {Proceedings of the 2013 ACM SIGPLAN International Conference on Object Oriented Programming Systems Languages \&\#38; Applications},
 series = {OOPSLA '13},
 year = {2013},
 isbn = {978-1-4503-2374-1},
 location = {Indianapolis, Indiana, USA},
 pages = {785--802},
 numpages = {18},
 url = {http://doi.acm.org/10.1145/2509136.2509539},
 doi = {10.1145/2509136.2509539},
 acmid = {2509539},
 publisher = {ACM},
 address = {New York, NY, USA},
 keywords = {bug detection, concurrency bugs, multi-threaded software, software testing},
}

@article{Xu:2013:PML:2491509.2491511,
 author = {Xu, Guoqing and Rountev, Atanas},
 title = {Precise Memory Leak Detection for Java Software Using Container Profiling},
 journal = {ACM Trans. Softw. Eng. Methodol.},
 issue_date = {July 2013},
 volume = {22},
 number = {3},
 month = jul,
 year = {2013},
 issn = {1049-331X},
 pages = {17:1--17:28},
 articleno = {17},
 numpages = {28},
 url = {http://doi.acm.org/10.1145/2491509.2491511},
 doi = {10.1145/2491509.2491511},
 acmid = {2491511},
 publisher = {ACM},
 address = {New York, NY, USA},
 keywords = {Memory leaks, container profiling, leaking confidence},
}

@inproceedings{Rao:2011:RSL:1985441.1985451,
 author = {Rao, Shivani and Kak, Avinash},
 title = {Retrieval from Software Libraries for Bug Localization: A Comparative Study of Generic and Composite Text Models},
 booktitle = {Proceedings of the 8th Working Conference on Mining Software Repositories},
 series = {MSR '11},
 year = {2011},
 isbn = {978-1-4503-0574-7},
 location = {Waikiki, Honolulu, HI, USA},
 pages = {43--52},
 numpages = {10},
 url = {http://doi.acm.org/10.1145/1985441.1985451},
 doi = {10.1145/1985441.1985451},
 acmid = {1985451},
 publisher = {ACM},
 address = {New York, NY, USA},
 keywords = {bug localization, information retrieval, latent dirichlet allocation, latent semantic analysis, software engineering},
}

@article{Chandra:2009:SPA:1543135.1542517,
 author = {Chandra, Satish and Fink, Stephen J. and Sridharan, Manu},
 title = {Snugglebug: A Powerful Approach to Weakest Preconditions},
 journal = {SIGPLAN Not.},
 issue_date = {June 2009},
 volume = {44},
 number = {6},
 month = jun,
 year = {2009},
 issn = {0362-1340},
 pages = {363--374},
 numpages = {12},
 url = {http://doi.acm.org/10.1145/1543135.1542517},
 doi = {10.1145/1543135.1542517},
 acmid = {1542517},
 publisher = {ACM},
 address = {New York, NY, USA},
 keywords = {interprocedural analysis, symbolic analysis, weakest preconditions},
}

@inproceedings{Chandra:2009:SPA:1542476.1542517,
 author = {Chandra, Satish and Fink, Stephen J. and Sridharan, Manu},
 title = {Snugglebug: A Powerful Approach to Weakest Preconditions},
 booktitle = {Proceedings of the 30th ACM SIGPLAN Conference on Programming Language Design and Implementation},
 series = {PLDI '09},
 year = {2009},
 isbn = {978-1-60558-392-1},
 location = {Dublin, Ireland},
 pages = {363--374},
 numpages = {12},
 url = {http://doi.acm.org/10.1145/1542476.1542517},
 doi = {10.1145/1542476.1542517},
 acmid = {1542517},
 publisher = {ACM},
 address = {New York, NY, USA},
 keywords = {interprocedural analysis, symbolic analysis, weakest preconditions},
}

@inproceedings{Walker:2012:CCC:2393596.2393654,
 author = {Walker, Robert J. and Rawal, Shreya and Sillito, Jonathan},
 title = {Do Crosscutting Concerns Cause Modularity Problems?},
 booktitle = {Proceedings of the ACM SIGSOFT 20th International Symposium on the Foundations of Software Engineering},
 series = {FSE '12},
 year = {2012},
 isbn = {978-1-4503-1614-9},
 location = {Cary, North Carolina},
 pages = {49:1--49:11},
 articleno = {49},
 numpages = {11},
 url = {http://doi.acm.org/10.1145/2393596.2393654},
 doi = {10.1145/2393596.2393654},
 acmid = {2393654},
 publisher = {ACM},
 address = {New York, NY, USA},
 keywords = {AOSD, Mozilla, power laws, retroactive study, scattering},
}

@inproceedings{Xu:2008:PML:1368088.1368110,
 author = {Xu, Guoqing and Rountev, Atanas},
 title = {Precise Memory Leak Detection for Java Software Using Container Profiling},
 booktitle = {Proceedings of the 30th International Conference on Software Engineering},
 series = {ICSE '08},
 year = {2008},
 isbn = {978-1-60558-079-1},
 location = {Leipzig, Germany},
 pages = {151--160},
 numpages = {10},
 url = {http://doi.acm.org/10.1145/1368088.1368110},
 doi = {10.1145/1368088.1368110},
 acmid = {1368110},
 publisher = {ACM},
 address = {New York, NY, USA},
 keywords = {container profiling, leaking confidence, memory leaks},
}

@inproceedings{Bacon:2009:MAS:1639950.1640066,
 author = {Bacon, David F. and Chen, Yiling and Parkes, David and Rao, Malvika},
 title = {A Market-based Approach to Software Evolution},
 booktitle = {Proceedings of the 24th ACM SIGPLAN Conference Companion on Object Oriented Programming Systems Languages and Applications},
 series = {OOPSLA '09},
 year = {2009},
 isbn = {978-1-60558-768-4},
 location = {Orlando, Florida, USA},
 pages = {973--980},
 numpages = {8},
 url = {http://doi.acm.org/10.1145/1639950.1640066},
 doi = {10.1145/1639950.1640066},
 acmid = {1640066},
 publisher = {ACM},
 address = {New York, NY, USA},
 keywords = {markets, mechanism design, software correctness},
}

@article{Kasikci:2015:ACD:2785583.2734118,
 author = {Kasikci, Baris and Zamfir, Cristian and Candea, George},
 title = {Automated Classification of Data Races Under Both Strong and Weak Memory Models},
 journal = {ACM Trans. Program. Lang. Syst.},
 issue_date = {June 2015},
 volume = {37},
 number = {3},
 month = may,
 year = {2015},
 issn = {0164-0925},
 pages = {8:1--8:44},
 articleno = {8},
 numpages = {44},
 url = {http://doi.acm.org/10.1145/2734118},
 doi = {10.1145/2734118},
 acmid = {2734118},
 publisher = {ACM},
 address = {New York, NY, USA},
 keywords = {Data races, concurrency, symbolic execution, triage},
}

@inproceedings{Lucia:2012:ARC:2337223.2337270,
 author = {Lucia and Lo, David and Jiang, Lingxiao and Budi, Aditya},
 title = {Active Refinement of Clone Anomaly Reports},
 booktitle = {Proceedings of the 34th International Conference on Software Engineering},
 series = {ICSE '12},
 year = {2012},
 isbn = {978-1-4673-1067-3},
 location = {Zurich, Switzerland},
 pages = {397--407},
 numpages = {11},
 url = {http://dl.acm.org/citation.cfm?id=2337223.2337270},
 acmid = {2337270},
 publisher = {IEEE Press},
 address = {Piscataway, NJ, USA},
}

@inproceedings{Kondoh:2008:FBJ:1390630.1390645,
 author = {Kondoh, Goh and Onodera, Tamiya},
 title = {Finding Bugs in Java Native Interface Programs},
 booktitle = {Proceedings of the 2008 International Symposium on Software Testing and Analysis},
 series = {ISSTA '08},
 year = {2008},
 isbn = {978-1-60558-050-0},
 location = {Seattle, WA, USA},
 pages = {109--118},
 numpages = {10},
 url = {http://doi.acm.org/10.1145/1390630.1390645},
 doi = {10.1145/1390630.1390645},
 acmid = {1390645},
 publisher = {ACM},
 address = {New York, NY, USA},
 keywords = {java native interface, static analysis, typestate analysis},
}

@inproceedings{Shihab:2012:ISR:2393596.2393670,
 author = {Shihab, Emad and Hassan, Ahmed E. and Adams, Bram and Jiang, Zhen Ming},
 title = {An Industrial Study on the Risk of Software Changes},
 booktitle = {Proceedings of the ACM SIGSOFT 20th International Symposium on the Foundations of Software Engineering},
 series = {FSE '12},
 year = {2012},
 isbn = {978-1-4503-1614-9},
 location = {Cary, North Carolina},
 pages = {62:1--62:11},
 articleno = {62},
 numpages = {11},
 url = {http://doi.acm.org/10.1145/2393596.2393670},
 doi = {10.1145/2393596.2393670},
 acmid = {2393670},
 publisher = {ACM},
 address = {New York, NY, USA},
 keywords = {bug inducing changes, change metrics, change risk, code metrics},
}

@article{Tichy:2010:IPA:1880066.1883621,
 author = {Tichy, Walter},
 title = {An Interview with Prof. Andreas Zeller: Mining Your Way to Software Reliability},
 journal = {Ubiquity},
 issue_date = {November 2010},
 volume = {2010},
 number = {November},
 month = nov,
 year = {2010},
 issn = {1530-2180},
 articleno = {3},
 url = {http://doi.acm.org/10.1145/1880066.1883621},
 doi = {10.1145/1880066.1883621},
 acmid = {1883621},
 publisher = {ACM},
 address = {New York, NY, USA},
}

@inproceedings{Ki:2014:PRA:2594368.2601453,
 author = {Ki, Taeyeon and Munipalle, Satyaditya and Dantu, Karthik and Ko, Steven Y. and Ziarek, Lukasz},
 title = {Poster: Retro: An Automated, Application-layer Record and Replay for Android},
 booktitle = {Proceedings of the 12th Annual International Conference on Mobile Systems, Applications, and Services},
 series = {MobiSys '14},
 year = {2014},
 isbn = {978-1-4503-2793-0},
 location = {Bretton Woods, New Hampshire, USA},
 pages = {373--373},
 numpages = {1},
 url = {http://doi.acm.org/10.1145/2594368.2601453},
 doi = {10.1145/2594368.2601453},
 acmid = {2601453},
 publisher = {ACM},
 address = {New York, NY, USA},
 keywords = {android apps, debugging, record\&\#38;replay},
}

@inproceedings{Wang:2014:LSO:2677832.2677839,
 author = {Wang, Tao and Yin, Gang and Wang, Huaimin and Yang, Cheng and Zou, Peng},
 title = {Linking Stack Overflow to Issue Tracker for Issue Resolution},
 booktitle = {Proceedings of the 6th Asia-Pacific Symposium on Internetware on Internetware},
 series = {INTERNETWARE 2014},
 year = {2014},
 isbn = {978-1-4503-3303-0},
 location = {Hong Kong, China},
 pages = {11--14},
 numpages = {4},
 url = {http://doi.acm.org/10.1145/2677832.2677839},
 doi = {10.1145/2677832.2677839},
 acmid = {2677839},
 publisher = {ACM},
 address = {New York, NY, USA},
 keywords = {Android Issue Tracker, Issue Resolution, Stack Overflow},
}

@article{Caglayan:2012:IOA:2382756.2382786,
 author = {Caglayan, Bora and Bener, Ayse},
 title = {Issue Ownership Activity in Two Large Software Projects},
 journal = {SIGSOFT Softw. Eng. Notes},
 issue_date = {November 2012},
 volume = {37},
 number = {6},
 month = nov,
 year = {2012},
 issn = {0163-5948},
 pages = {1--7},
 numpages = {7},
 url = {http://doi.acm.org/10.1145/2382756.2382786},
 doi = {10.1145/2382756.2382786},
 acmid = {2382786},
 publisher = {ACM},
 address = {New York, NY, USA},
 keywords = {issue ownership, software issues, software maintenance, software quality},
}

@inproceedings{vanderMerwe:2013:EUU:2513456.2513481,
 author = {van der Merwe, T. M. and van Heerden, M. E.},
 title = {Ease of Use and Usefulness of Webinars in an Open Distance Learning Environment: An Activity Theory Perspective},
 booktitle = {Proceedings of the South African Institute for Computer Scientists and Information Technologists Conference},
 series = {SAICSIT '13},
 year = {2013},
 isbn = {978-1-4503-2112-9},
 location = {East London, South Africa},
 pages = {262--270},
 numpages = {9},
 url = {http://doi.acm.org/10.1145/2513456.2513481},
 doi = {10.1145/2513456.2513481},
 acmid = {2513481},
 publisher = {ACM},
 address = {New York, NY, USA},
 keywords = {activity theory, ease of use, open distance learning, usefulness, webinars},
}

@inproceedings{Ayewah:2009:UCR:1555860.1555864,
 author = {Ayewah, Nathaniel and Pugh, William},
 title = {Using Checklists to Review Static Analysis Warnings},
 booktitle = {Proceedings of the 2Nd International Workshop on Defects in Large Software Systems: Held in Conjunction with the ACM SIGSOFT International Symposium on Software Testing and Analysis (ISSTA 2009)},
 series = {DEFECTS '09},
 year = {2009},
 isbn = {978-1-60558-654-0},
 location = {Chicago, Illinois},
 pages = {11--15},
 numpages = {5},
 url = {http://doi.acm.org/10.1145/1555860.1555864},
 doi = {10.1145/1555860.1555864},
 acmid = {1555864},
 publisher = {ACM},
 address = {New York, NY, USA},
 keywords = {FindBugs, Java, bug patterns, bugs, false positives, software defects, software quality, static analysis},
}

@inproceedings{Tripp:2014:AIU:2660267.2660339,
 author = {Tripp, Omer and Guarnieri, Salvatore and Pistoia, Marco and Aravkin, Aleksandr},
 title = {ALETHEIA: Improving the Usability of Static Security Analysis},
 booktitle = {Proceedings of the 2014 ACM SIGSAC Conference on Computer and Communications Security},
 series = {CCS '14},
 year = {2014},
 isbn = {978-1-4503-2957-6},
 location = {Scottsdale, Arizona, USA},
 pages = {762--774},
 numpages = {13},
 url = {http://doi.acm.org/10.1145/2660267.2660339},
 doi = {10.1145/2660267.2660339},
 acmid = {2660339},
 publisher = {ACM},
 address = {New York, NY, USA},
 keywords = {classification, false alarms, information-flow security, machine learning, static analysis, usable security},
}

@article{Tsarfaty:2013:PMR:2464100.2464103,
 author = {Tsarfaty, Reut and Seddah, Djam{\'e} and K\"{u}bler, Sandra and Nivre, Joakim},
 title = {Parsing Morphologically Rich Languages: Introduction to the Special Issue},
 journal = {Comput. Linguist.},
 issue_date = {March 2013},
 volume = {39},
 number = {1},
 month = mar,
 year = {2013},
 issn = {0891-2017},
 pages = {15--22},
 numpages = {8},
 url = {http://dx.doi.org/10.1162/COLI_a_00133},
 doi = {10.1162/COLI_a_00133},
 acmid = {2464103},
 publisher = {MIT Press},
 address = {Cambridge, MA, USA},
}

