% This file was created with JabRef 2.10.
% Encoding: UTF-8


@Article{abraham_scuba:_2013,
  Title                    = {Scuba: {Diving} into {Data} at {Facebook}},
  Author                   = {Abraham, Lior and Allen, John and Barykin, Oleksandr and Borkar, Vinayak and Chopra, Bhuwan and Gerea, Ciprian and Merl, Daniel and Metzler, Josh and Reiss, David and Subramanian, Subbu and Wiener, Janet L. and Zed, Okay},
  Journal                  = {Proc. VLDB Endow.},
  Year                     = {2013},

  Month                    = aug,
  Number                   = {11},
  Pages                    = {1057--1067},
  Volume                   = {6},

  Doi                      = {10.14778/2536222.2536231},
  ISSN                     = {2150-8097},
  Url                      = {http://dx.doi.org/10.14778/2536222.2536231}
}

@InProceedings{adamoli_trevis:_2010,
  Title                    = {Trevis: {A} {Context} {Tree} {Visualization} \&\#38; {Analysis} {Framework} and {Its} {Use} for {Classifying} {Performance} {Failure} {Reports}},
  Author                   = {Adamoli, Andrea and Hauswirth, Matthias},
  Booktitle                = {Proceedings of the 5th {International} {Symposium} on {Software} {Visualization}},
  Year                     = {2010},

  Address                  = {New York, NY, USA},
  Pages                    = {73--82},
  Publisher                = {ACM},
  Series                   = {{SOFTVIS} '10},

  Doi                      = {10.1145/1879211.1879224},
  ISBN                     = {978-1-4503-0028-5},
  Keywords                 = {perceptible performance, tree visualization and analysis},
  Url                      = {http://doi.acm.org/10.1145/1879211.1879224}
}

@InProceedings{aggarwal_mining_2014,
  Title                    = {Mining {Issue} {Tracking} {Systems} {Using} {Topic} {Models} for {Trend} {Analysis}, {Corpus} {Exploration}, and {Understanding} {Evolution}},
  Author                   = {Aggarwal, Ayushi and Waghmare, Gajendra and Sureka, Ashish},
  Booktitle                = {Proceedings of the 3rd {International} {Workshop} on {Realizing} {Artificial} {Intelligence} {Synergies} in {Software} {Engineering}},
  Year                     = {2014},

  Address                  = {New York, NY, USA},
  Pages                    = {52--58},
  Publisher                = {ACM},
  Series                   = {{RAISE} 2014},

  Doi                      = {10.1145/2593801.2593810},
  ISBN                     = {978-1-4503-2846-3},
  Keywords                 = {Bugs, Defect Tracking System, Google Chromium, issue tracking system, Latent Dirichlet Allocation, software maintenance, Topic Modeling},
  Url                      = {http://doi.acm.org/10.1145/2593801.2593810}
}

@InProceedings{aggarwal_co-evolution_2014,
  Title                    = {Co-evolution of {Project} {Documentation} and {Popularity} {Within} {Github}},
  Author                   = {Aggarwal, Karan and Hindle, Abram and Stroulia, Eleni},
  Booktitle                = {Proceedings of the 11th {Working} {Conference} on {Mining} {Software} {Repositories}},
  Year                     = {2014},

  Address                  = {New York, NY, USA},
  Pages                    = {360--363},
  Publisher                = {ACM},
  Series                   = {{MSR} 2014},

  Doi                      = {10.1145/2597073.2597120},
  ISBN                     = {978-1-4503-2863-0},
  Keywords                 = {Cross Correlation, Documentation Change, Popularity},
  Url                      = {http://doi.acm.org/10.1145/2597073.2597120}
}

@InProceedings{ahmed_impact_2014,
  Title                    = {The {Impact} of {Automatic} {Crash} {Reports} on {Bug} {Triaging} and {Development} in {Mozilla}},
  Author                   = {Ahmed, Iftekhar and Mohan, Nitin and Jensen, Carlos},
  Booktitle                = {Proceedings of {The} {International} {Symposium} on {Open} {Collaboration}},
  Year                     = {2014},

  Address                  = {New York, NY, USA},
  Pages                    = {1:1--1:8},
  Publisher                = {ACM},
  Series                   = {{OpenSym} '14},

  Doi                      = {10.1145/2641580.2641585},
  ISBN                     = {978-1-4503-3016-9},
  Keywords                 = {Automatic Crash reporting, Debugging, FOSS, Free/Open Source Software, Open Bug Reporting, testing},
  Url                      = {http://doi.acm.org/10.1145/2641580.2641585}
}

@InProceedings{altinger_novel_2015,
  Title                    = {A {Novel} {Industry} {Grade} {Dataset} for {Fault} {Prediction} {Based} on {Model}-driven {Developed} {Automotive} {Embedded} {Software}},
  Author                   = {Altinger, Harald and Siegl, Sebastian and Dajsuren, Yanja and Wotawa, Franz},
  Booktitle                = {Proceedings of the 12th {Working} {Conference} on {Mining} {Software} {Repositories}},
  Year                     = {2015},

  Address                  = {Piscataway, NJ, USA},
  Pages                    = {494--497},
  Publisher                = {IEEE Press},
  Series                   = {{MSR} '15},

  Url                      = {http://dl.acm.org/citation.cfm?id=2820518.2820596}
}

@InProceedings{anvik_automating_2006,
  Title                    = {Automating {Bug} {Report} {Assignment}},
  Author                   = {Anvik, John},
  Booktitle                = {Proceedings of the 28th {International} {Conference} on {Software} {Engineering}},
  Year                     = {2006},

  Address                  = {New York, NY, USA},
  Pages                    = {937--940},
  Publisher                = {ACM},
  Series                   = {{ICSE} '06},

  Doi                      = {10.1145/1134285.1134457},
  ISBN                     = {1-59593-375-1},
  Keywords                 = {bug report assignment, triage},
  Url                      = {http://doi.acm.org/10.1145/1134285.1134457}
}

@InProceedings{anvik_who_2006,
  Title                    = {Who {Should} {Fix} {This} {Bug}?},
  Author                   = {Anvik, John and Hiew, Lyndon and Murphy, Gail C.},
  Booktitle                = {Proceedings of the 28th {International} {Conference} on {Software} {Engineering}},
  Year                     = {2006},

  Address                  = {New York, NY, USA},
  Pages                    = {361--370},
  Publisher                = {ACM},
  Series                   = {{ICSE} '06},

  Doi                      = {10.1145/1134285.1134336},
  ISBN                     = {1-59593-375-1},
  Keywords                 = {bug report assignment, bug triage, issue tracking, machine learning, problem tracking},
  Url                      = {http://doi.acm.org/10.1145/1134285.1134336}
}

@InProceedings{anvik_coping_2005,
  Title                    = {Coping with an {Open} {Bug} {Repository}},
  Author                   = {Anvik, John and Hiew, Lyndon and Murphy, Gail C.},
  Booktitle                = {Proceedings of the 2005 {OOPSLA} {Workshop} on {Eclipse} {Technology} {eXchange}},
  Year                     = {2005},

  Address                  = {New York, NY, USA},
  Pages                    = {35--39},
  Publisher                = {ACM},
  Series                   = {eclipse '05},

  Doi                      = {10.1145/1117696.1117704},
  ISBN                     = {1-59593-342-5},
  Keywords                 = {bugzilla, duplicate detection, machine learning, triage},
  Url                      = {http://doi.acm.org/10.1145/1117696.1117704}
}

@Article{anvik_reducing_2011,
  Title                    = {Reducing the {Effort} of {Bug} {Report} {Triage}: {Recommenders} for {Development}-oriented {Decisions}},
  Author                   = {Anvik, John and Murphy, Gail C.},
  Journal                  = {ACM Trans. Softw. Eng. Methodol.},
  Year                     = {2011},

  Month                    = aug,
  Number                   = {3},
  Pages                    = {10:1--10:35},
  Volume                   = {20},

  Doi                      = {10.1145/2000791.2000794},
  ISSN                     = {1049-331X},
  Keywords                 = {bug report triage, configuration assistance, machine learning, recommendation, task assignment},
  Url                      = {http://doi.acm.org/10.1145/2000791.2000794}
}

@InProceedings{artho_why_2012,
  Title                    = {Why {Do} {Software} {Packages} {Conflict}?},
  Author                   = {Artho, Cyrille and Suzaki, Kuniyasu and Di Cosmo, Roberto and Treinen, Ralf and Zacchiroli, Stefano},
  Booktitle                = {Proceedings of the 9th {IEEE} {Working} {Conference} on {Mining} {Software} {Repositories}},
  Year                     = {2012},

  Address                  = {Piscataway, NJ, USA},
  Pages                    = {141--150},
  Publisher                = {IEEE Press},
  Series                   = {{MSR} '12},

  ISBN                     = {978-1-4673-1761-0},
  Url                      = {http://dl.acm.org/citation.cfm?id=2664446.2664470}
}

@InProceedings{artzi_finding_2008,
  Title                    = {Finding {Bugs} in {Dynamic} {Web} {Applications}},
  Author                   = {Artzi, Shay and Kiezun, Adam and Dolby, Julian and Tip, Frank and Dig, Danny and Paradkar, Amit and Ernst, Michael D.},
  Booktitle                = {Proceedings of the 2008 {International} {Symposium} on {Software} {Testing} and {Analysis}},
  Year                     = {2008},

  Address                  = {New York, NY, USA},
  Pages                    = {261--272},
  Publisher                = {ACM},
  Series                   = {{ISSTA} '08},

  Doi                      = {10.1145/1390630.1390662},
  ISBN                     = {978-1-60558-050-0},
  Keywords                 = {dynamic analysis, php, software testing, web applications},
  Url                      = {http://doi.acm.org/10.1145/1390630.1390662}
}

@InProceedings{avnon_fit_2010,
  Title                    = {Fit and {Finish} {Using} a {Bug} {Tracking} {System}: {Challenges} and {Recommendations}},
  Author                   = {Avnon, Yossi and Boggan, Scott L.},
  Booktitle                = {{CHI} '10 {Extended} {Abstracts} on {Human} {Factors} in {Computing} {Systems}},
  Year                     = {2010},

  Address                  = {New York, NY, USA},
  Pages                    = {4717--4720},
  Publisher                = {ACM},
  Series                   = {{CHI} {EA} '10},

  Doi                      = {10.1145/1753846.1754219},
  ISBN                     = {978-1-60558-930-5},
  Keywords                 = {bug management, fit and finish, ui design, ui processes},
  Url                      = {http://doi.acm.org/10.1145/1753846.1754219}
}

@InProceedings{ayewah_using_2009,
  Title                    = {Using {Checklists} to {Review} {Static} {Analysis} {Warnings}},
  Author                   = {Ayewah, Nathaniel and Pugh, William},
  Booktitle                = {Proceedings of the 2Nd {International} {Workshop} on {Defects} in {Large} {Software} {Systems}: {Held} in {Conjunction} with the {ACM} {SIGSOFT} {International} {Symposium} on {Software} {Testing} and {Analysis} ({ISSTA} 2009)},
  Year                     = {2009},

  Address                  = {New York, NY, USA},
  Pages                    = {11--15},
  Publisher                = {ACM},
  Series                   = {{DEFECTS} '09},

  Doi                      = {10.1145/1555860.1555864},
  ISBN                     = {978-1-60558-654-0},
  Keywords                 = {bug patterns, Bugs, false positives, FindBugs, Java, software defects, software quality, static analysis},
  Url                      = {http://doi.acm.org/10.1145/1555860.1555864}
}

@InProceedings{bachmann_software_2009,
  Title                    = {Software {Process} {Data} {Quality} and {Characteristics}: {A} {Historical} {View} on {Open} and {Closed} {Source} {Projects}},
  Author                   = {Bachmann, Adrian and Bernstein, Abraham},
  Booktitle                = {Proceedings of the {Joint} {International} and {Annual} {ERCIM} {Workshops} on {Principles} of {Software} {Evolution} ({IWPSE}) and {Software} {Evolution} ({Evol}) {Workshops}},
  Year                     = {2009},

  Address                  = {New York, NY, USA},
  Pages                    = {119--128},
  Publisher                = {ACM},
  Series                   = {{IWPSE}-{Evol} '09},

  Doi                      = {10.1145/1595808.1595830},
  ISBN                     = {978-1-60558-678-6},
  Keywords                 = {bug tracker, case study, closed source, data characteristics, Data Quality, open source, version control system},
  Url                      = {http://doi.acm.org/10.1145/1595808.1595830}
}

@InProceedings{bacon_market-based_2009,
  Title                    = {A {Market}-based {Approach} to {Software} {Evolution}},
  Author                   = {Bacon, David F. and Chen, Yiling and Parkes, David and Rao, Malvika},
  Booktitle                = {Proceedings of the 24th {ACM} {SIGPLAN} {Conference} {Companion} on {Object} {Oriented} {Programming} {Systems} {Languages} and {Applications}},
  Year                     = {2009},

  Address                  = {New York, NY, USA},
  Pages                    = {973--980},
  Publisher                = {ACM},
  Series                   = {{OOPSLA} '09},

  Doi                      = {10.1145/1639950.1640066},
  ISBN                     = {978-1-60558-768-4},
  Keywords                 = {markets, mechanism design, software correctness},
  Url                      = {http://doi.acm.org/10.1145/1639950.1640066}
}

@InProceedings{baysal_informing_2013,
  Title                    = {Informing {Development} {Decisions}: {From} {Data} to {Information}},
  Author                   = {Baysal, Olga},
  Booktitle                = {Proceedings of the 2013 {International} {Conference} on {Software} {Engineering}},
  Year                     = {2013},

  Address                  = {Piscataway, NJ, USA},
  Pages                    = {1407--1410},
  Publisher                = {IEEE Press},
  Series                   = {{ICSE} '13},

  ISBN                     = {978-1-4673-3076-3},
  Url                      = {http://dl.acm.org/citation.cfm?id=2486788.2487019}
}

@InProceedings{baysal_no_2014,
  Title                    = {No {Issue} {Left} {Behind}: {Reducing} {Information} {Overload} in {Issue} {Tracking}},
  Author                   = {Baysal, Olga and Holmes, Reid and Godfrey, Michael W.},
  Booktitle                = {Proceedings of the 22Nd {ACM} {SIGSOFT} {International} {Symposium} on {Foundations} of {Software} {Engineering}},
  Year                     = {2014},

  Address                  = {New York, NY, USA},
  Pages                    = {666--677},
  Publisher                = {ACM},
  Series                   = {{FSE} 2014},

  Doi                      = {10.1145/2635868.2635887},
  ISBN                     = {978-1-4503-3056-5},
  Keywords                 = {Developer dashboards, information needs, issue tracking, personalization, situational awareness},
  Url                      = {http://doi.acm.org/10.1145/2635868.2635887}
}

@InProceedings{beck_rethinking_2015,
  Title                    = {Rethinking {User} {Interfaces} for {Feature} {Location}},
  Author                   = {Beck, Fabian and Dit, Bogdan and Velasco-Madden, Jaleo and Weiskopf, Daniel and Poshyvanyk, Denys},
  Booktitle                = {Proceedings of the 2015 {IEEE} 23rd {International} {Conference} on {Program} {Comprehension}},
  Year                     = {2015},

  Address                  = {Piscataway, NJ, USA},
  Pages                    = {151--162},
  Publisher                = {IEEE Press},
  Series                   = {{ICPC} '15},

  Url                      = {http://dl.acm.org/citation.cfm?id=2820282.2820304}
}

@InProceedings{bell_chronicler:_2013,
  Title                    = {Chronicler: {Lightweight} {Recording} to {Reproduce} {Field} {Failures}},
  Author                   = {Bell, Jonathan and Sarda, Nikhil and Kaiser, Gail},
  Booktitle                = {Proceedings of the 2013 {International} {Conference} on {Software} {Engineering}},
  Year                     = {2013},

  Address                  = {Piscataway, NJ, USA},
  Pages                    = {362--371},
  Publisher                = {IEEE Press},
  Series                   = {{ICSE} '13},

  ISBN                     = {978-1-4673-3076-3},
  Url                      = {http://dl.acm.org/citation.cfm?id=2486788.2486836}
}

@InProceedings{bertino_modern_2012,
  Title                    = {Modern {Version} {Control}: {Creating} an {Efficient} {Development} {Ecosystem}},
  Author                   = {Bertino, Nic},
  Booktitle                = {Proceedings of the 40th {Annual} {ACM} {SIGUCCS} {Conference} on {User} {Services}},
  Year                     = {2012},

  Address                  = {New York, NY, USA},
  Pages                    = {219--222},
  Publisher                = {ACM},
  Series                   = {{SIGUCCS} '12},

  Doi                      = {10.1145/2382456.2382510},
  ISBN                     = {978-1-4503-1494-7},
  Keywords                 = {automated deployment, decentralized version control, GIT, issue tracking, redmine, source control},
  Url                      = {http://doi.acm.org/10.1145/2382456.2382510}
}

@InProceedings{bettenburg_what_2008,
  Title                    = {What {Makes} a {Good} {Bug} {Report}?},
  Author                   = {Bettenburg, Nicolas and Just, Sascha and Schröter, Adrian and Weiss, Cathrin and Premraj, Rahul and Zimmermann, Thomas},
  Booktitle                = {Proceedings of the 16th {ACM} {SIGSOFT} {International} {Symposium} on {Foundations} of {Software} {Engineering}},
  Year                     = {2008},

  Address                  = {New York, NY, USA},
  Pages                    = {308--318},
  Publisher                = {ACM},
  Series                   = {{SIGSOFT} '08/{FSE}-16},

  Doi                      = {10.1145/1453101.1453146},
  ISBN                     = {978-1-59593-995-1},
  Url                      = {http://doi.acm.org/10.1145/1453101.1453146}
}

@InProceedings{bettenburg_quality_2007,
  Title                    = {Quality of {Bug} {Reports} in {Eclipse}},
  Author                   = {Bettenburg, Nicolas and Just, Sascha and Schröter, Adrian and Weiß, Cathrin and Premraj, Rahul and Zimmermann, Thomas},
  Booktitle                = {Proceedings of the 2007 {OOPSLA} {Workshop} on {Eclipse} {Technology} {eXchange}},
  Year                     = {2007},

  Address                  = {New York, NY, USA},
  Pages                    = {21--25},
  Publisher                = {ACM},
  Series                   = {eclipse '07},

  Doi                      = {10.1145/1328279.1328284},
  ISBN                     = {978-1-60558-015-9},
  Url                      = {http://doi.acm.org/10.1145/1328279.1328284}
}

@InProceedings{bettenburg_extracting_2008,
  Title                    = {Extracting {Structural} {Information} from {Bug} {Reports}},
  Author                   = {Bettenburg, Nicolas and Premraj, Rahul and Zimmermann, Thomas and Kim, Sunghun},
  Booktitle                = {Proceedings of the 2008 {International} {Working} {Conference} on {Mining} {Software} {Repositories}},
  Year                     = {2008},

  Address                  = {New York, NY, USA},
  Pages                    = {27--30},
  Publisher                = {ACM},
  Series                   = {{MSR} '08},

  Doi                      = {10.1145/1370750.1370757},
  ISBN                     = {978-1-60558-024-1},
  Keywords                 = {bug reports, patches, source code, stack traces, structural information},
  Url                      = {http://doi.acm.org/10.1145/1370750.1370757}
}

@InProceedings{bhattacharya_bug-fix_2011,
  Title                    = {Bug-fix {Time} {Prediction} {Models}: {Can} {We} {Do} {Better}?},
  Author                   = {Bhattacharya, Pamela and Neamtiu, Iulian},
  Booktitle                = {Proceedings of the 8th {Working} {Conference} on {Mining} {Software} {Repositories}},
  Year                     = {2011},

  Address                  = {New York, NY, USA},
  Pages                    = {207--210},
  Publisher                = {ACM},
  Series                   = {{MSR} '11},

  Doi                      = {10.1145/1985441.1985472},
  ISBN                     = {978-1-4503-0574-7},
  Keywords                 = {bug-fix time, bug report triage, issue tracking, statistical model},
  Url                      = {http://doi.acm.org/10.1145/1985441.1985472}
}

@InProceedings{bodden_stateful_2011,
  Title                    = {Stateful {Breakpoints}: {A} {Practical} {Approach} to {Defining} {Parameterized} {Runtime} {Monitors}},
  Author                   = {Bodden, Eric},
  Booktitle                = {Proceedings of the 19th {ACM} {SIGSOFT} {Symposium} and the 13th {European} {Conference} on {Foundations} of {Software} {Engineering}},
  Year                     = {2011},

  Address                  = {New York, NY, USA},
  Pages                    = {492--495},
  Publisher                = {ACM},
  Series                   = {{ESEC}/{FSE} '11},

  Doi                      = {10.1145/2025113.2025201},
  ISBN                     = {978-1-4503-0443-6},
  Keywords                 = {parameterized runtime monitors, stateful breakpoints},
  Url                      = {http://doi.acm.org/10.1145/2025113.2025201}
}

@Article{bond_breadcrumbs:_2010,
  Title                    = {Breadcrumbs: {Efficient} {Context} {Sensitivity} for {Dynamic} {Bug} {Detection} {Analyses}},
  Author                   = {Bond, Michael D. and Baker, Graham Z. and Guyer, Samuel Z.},
  Journal                  = {SIGPLAN Not.},
  Year                     = {2010},

  Month                    = jun,
  Number                   = {6},
  Pages                    = {13--24},
  Volume                   = {45},

  Doi                      = {10.1145/1809028.1806599},
  ISSN                     = {0362-1340},
  Keywords                 = {bug detection, context sensitivity, dynamic analysis},
  Url                      = {http://doi.acm.org/10.1145/1809028.1806599}
}

@InProceedings{bond_breadcrumbs:_2010-1,
  Title                    = {Breadcrumbs: {Efficient} {Context} {Sensitivity} for {Dynamic} {Bug} {Detection} {Analyses}},
  Author                   = {Bond, Michael D. and Baker, Graham Z. and Guyer, Samuel Z.},
  Booktitle                = {Proceedings of the 31st {ACM} {SIGPLAN} {Conference} on {Programming} {Language} {Design} and {Implementation}},
  Year                     = {2010},

  Address                  = {New York, NY, USA},
  Pages                    = {13--24},
  Publisher                = {ACM},
  Series                   = {{PLDI} '10},

  Doi                      = {10.1145/1806596.1806599},
  ISBN                     = {978-1-4503-0019-3},
  Keywords                 = {bug detection, context sensitivity, dynamic analysis},
  Url                      = {http://doi.acm.org/10.1145/1806596.1806599}
}

@InProceedings{borg_embrace_2014,
  Title                    = {Embrace {Your} {Issues}: {Compassing} the {Software} {Engineering} {Landscape} {Using} {Bug} {Reports}},
  Author                   = {Borg, Markus},
  Booktitle                = {Proceedings of the 29th {ACM}/{IEEE} {International} {Conference} on {Automated} {Software} {Engineering}},
  Year                     = {2014},

  Address                  = {New York, NY, USA},
  Pages                    = {891--894},
  Publisher                = {ACM},
  Series                   = {{ASE} '14},

  Doi                      = {10.1145/2642937.2653469},
  ISBN                     = {978-1-4503-3013-8},
  Keywords                 = {information retrieval, issue management, machine learning, recommendation systems},
  Url                      = {http://doi.acm.org/10.1145/2642937.2653469}
}

@InProceedings{bortis_teambugs:_2011,
  Title                    = {Teambugs: {A} {Collaborative} {Bug} {Tracking} {Tool}},
  Author                   = {Bortis, Gerald and van der Hoek, André},
  Booktitle                = {Proceedings of the 4th {International} {Workshop} on {Cooperative} and {Human} {Aspects} of {Software} {Engineering}},
  Year                     = {2011},

  Address                  = {New York, NY, USA},
  Pages                    = {69--71},
  Publisher                = {ACM},
  Series                   = {{CHASE} '11},

  Doi                      = {10.1145/1984642.1984659},
  ISBN                     = {978-1-4503-0576-1},
  Keywords                 = {bug tracking, bug triaging},
  Url                      = {http://doi.acm.org/10.1145/1984642.1984659}
}

@InProceedings{bortis_porchlight:_2013,
  Title                    = {{PorchLight}: {A} {Tag}-based {Approach} to {Bug} {Triaging}},
  Author                   = {Bortis, Gerald and Hoek, André van der},
  Booktitle                = {Proceedings of the 2013 {International} {Conference} on {Software} {Engineering}},
  Year                     = {2013},

  Address                  = {Piscataway, NJ, USA},
  Pages                    = {342--351},
  Publisher                = {IEEE Press},
  Series                   = {{ICSE} '13},

  ISBN                     = {978-1-4673-3076-3},
  Url                      = {http://dl.acm.org/citation.cfm?id=2486788.2486834}
}

@InProceedings{breu_information_2010,
  Title                    = {Information {Needs} in {Bug} {Reports}: {Improving} {Cooperation} {Between} {Developers} and {Users}},
  Author                   = {Breu, Silvia and Premraj, Rahul and Sillito, Jonathan and Zimmermann, Thomas},
  Booktitle                = {Proceedings of the 2010 {ACM} {Conference} on {Computer} {Supported} {Cooperative} {Work}},
  Year                     = {2010},

  Address                  = {New York, NY, USA},
  Pages                    = {301--310},
  Publisher                = {ACM},
  Series                   = {{CSCW} '10},

  Doi                      = {10.1145/1718918.1718973},
  ISBN                     = {978-1-60558-795-0},
  Keywords                 = {bug reports, information needs, questions, question time, response rate, response time},
  Url                      = {http://doi.acm.org/10.1145/1718918.1718973}
}

@InProceedings{brindescu_how_2014,
  Title                    = {How {Do} {Centralized} and {Distributed} {Version} {Control} {Systems} {Impact} {Software} {Changes}?},
  Author                   = {Brindescu, Caius and Codoban, Mihai and Shmarkatiuk, Sergii and Dig, Danny},
  Booktitle                = {Proceedings of the 36th {International} {Conference} on {Software} {Engineering}},
  Year                     = {2014},

  Address                  = {New York, NY, USA},
  Pages                    = {322--333},
  Publisher                = {ACM},
  Series                   = {{ICSE} 2014},

  Doi                      = {10.1145/2568225.2568322},
  ISBN                     = {978-1-4503-2756-5},
  Keywords                 = {Centralized Version Control, Distributed Version Control, Software Change, version control},
  Url                      = {http://doi.acm.org/10.1145/2568225.2568322}
}

@InProceedings{budde_leveraging_2014,
  Title                    = {Leveraging {Spatio}-temporal {Clustering} for {Participatory} {Urban} {Infrastructure} {Monitoring}},
  Author                   = {Budde, Matthias and De Melo Borges, Julio and Tomov, Stefan and Riedel, Till and Beigl, Michael},
  Booktitle                = {Proceedings of the {First} {International} {Conference} on {IoT} in {Urban} {Space}},
  Year                     = {2014},

  Address                  = {ICST, Brussels, Belgium, Belgium},
  Pages                    = {32--37},
  Publisher                = {ICST (Institute for Computer Sciences, Social-Informatics and Telecommunications Engineering)},
  Series                   = {{URB}-{IOT} '14},

  Doi                      = {10.4108/icst.urb-iot.2014.257282},
  ISBN                     = {978-1-63190-037-2},
  Keywords                 = {civic issue tracking, crowdsourcing, duplicate detection, issue ranking, spatio-temporal clustering},
  Url                      = {http://dx.doi.org/10.4108/icst.urb-iot.2014.257282}
}

@Article{burdge_preparing_2014,
  Title                    = {Preparing for {Student} {Participation} in {HFOSS} {Projects}: {FOSS} {Tools} and {Techniques}},
  Author                   = {Burdge, Darci and Postner, Lori and Ellis, Heidi J. C. and Hislop, Gregory W.},
  Journal                  = {J. Comput. Sci. Coll.},
  Year                     = {2014},

  Month                    = jan,
  Number                   = {3},
  Pages                    = {74--75},
  Volume                   = {29},

  ISSN                     = {1937-4771},
  Url                      = {http://dl.acm.org/citation.cfm?id=2544322.2544338}
}

@InProceedings{burg_interactive_2013,
  Title                    = {Interactive {Record}/{Replay} for {Web} {Application} {Debugging}},
  Author                   = {Burg, Brian and Bailey, Richard and Ko, Andrew J. and Ernst, Michael D.},
  Booktitle                = {Proceedings of the 26th {Annual} {ACM} {Symposium} on {User} {Interface} {Software} and {Technology}},
  Year                     = {2013},

  Address                  = {New York, NY, USA},
  Pages                    = {473--484},
  Publisher                = {ACM},
  Series                   = {{UIST} '13},

  Doi                      = {10.1145/2501988.2502050},
  ISBN                     = {978-1-4503-2268-3},
  Keywords                 = {Debugging, deterministic replay, web applications},
  Url                      = {http://doi.acm.org/10.1145/2501988.2502050}
}

@Article{caglayan_issue_2012,
  Title                    = {Issue {Ownership} {Activity} in {Two} {Large} {Software} {Projects}},
  Author                   = {Caglayan, Bora and Bener, Ayse},
  Journal                  = {SIGSOFT Softw. Eng. Notes},
  Year                     = {2012},

  Month                    = nov,
  Number                   = {6},
  Pages                    = {1--7},
  Volume                   = {37},

  Doi                      = {10.1145/2382756.2382786},
  ISSN                     = {0163-5948},
  Keywords                 = {issue ownership, software issues, software maintenance, software quality},
  Url                      = {http://doi.acm.org/10.1145/2382756.2382786}
}

@InProceedings{caglayan_factors_2012,
  Title                    = {Factors {Characterizing} {Reopened} {Issues}: {A} {Case} {Study}},
  Author                   = {Caglayan, Bora and Misirli, Ayse Tosun and Miranskyy, Andriy and Turhan, Burak and Bener, Ayse},
  Booktitle                = {Proceedings of the 8th {International} {Conference} on {Predictive} {Models} in {Software} {Engineering}},
  Year                     = {2012},

  Address                  = {New York, NY, USA},
  Pages                    = {1--10},
  Publisher                = {ACM},
  Series                   = {{PROMISE} '12},

  Doi                      = {10.1145/2365324.2365327},
  ISBN                     = {978-1-4503-1241-7},
  Keywords                 = {issue management, issue reopening, issue repository, software maintenance},
  Url                      = {http://doi.acm.org/10.1145/2365324.2365327}
}

@Article{castro_better_2008,
  Title                    = {Better {Bug} {Reporting} with {Better} {Privacy}},
  Author                   = {Castro, Miguel and Costa, Manuel and Martin, Jean-Philippe},
  Journal                  = {SIGARCH Comput. Archit. News},
  Year                     = {2008},

  Month                    = mar,
  Number                   = {1},
  Pages                    = {319--328},
  Volume                   = {36},

  Doi                      = {10.1145/1353534.1346322},
  ISSN                     = {0163-5964},
  Keywords                 = {bug reports, constraint solving, privacy, symbolic execution},
  Url                      = {http://doi.acm.org/10.1145/1353534.1346322}
}

@Article{castro_better_2008-1,
  Title                    = {Better {Bug} {Reporting} with {Better} {Privacy}},
  Author                   = {Castro, Miguel and Costa, Manuel and Martin, Jean-Philippe},
  Journal                  = {SIGOPS Oper. Syst. Rev.},
  Year                     = {2008},

  Month                    = mar,
  Number                   = {2},
  Pages                    = {319--328},
  Volume                   = {42},

  Doi                      = {10.1145/1353535.1346322},
  ISSN                     = {0163-5980},
  Keywords                 = {bug reports, constraint solving, privacy, symbolic execution},
  Url                      = {http://doi.acm.org/10.1145/1353535.1346322}
}

@InProceedings{castro_better_2008-2,
  Title                    = {Better {Bug} {Reporting} with {Better} {Privacy}},
  Author                   = {Castro, Miguel and Costa, Manuel and Martin, Jean-Philippe},
  Booktitle                = {Proceedings of the 13th {International} {Conference} on {Architectural} {Support} for {Programming} {Languages} and {Operating} {Systems}},
  Year                     = {2008},

  Address                  = {New York, NY, USA},
  Pages                    = {319--328},
  Publisher                = {ACM},
  Series                   = {{ASPLOS} {XIII}},

  Doi                      = {10.1145/1346281.1346322},
  ISBN                     = {978-1-59593-958-6},
  Keywords                 = {bug reports, constraint solving, privacy, symbolic execution},
  Url                      = {http://doi.acm.org/10.1145/1346281.1346322}
}

@InProceedings{cavalcanti_towards_2013,
  Title                    = {Towards {Understanding} {Software} {Change} {Request} {Assignment}: {A} {Survey} with {Practitioners}},
  Author                   = {Cavalcanti, Yguaratã Cerqueira and da Mota Silveira Neto, Paulo Anselmo and do Carmo Machado, Ivan and de Almeida, Eduardo Santana and de Lemos Meira, Silvio Romero},
  Booktitle                = {Proceedings of the 17th {International} {Conference} on {Evaluation} and {Assessment} in {Software} {Engineering}},
  Year                     = {2013},

  Address                  = {New York, NY, USA},
  Pages                    = {195--206},
  Publisher                = {ACM},
  Series                   = {{EASE} '13},

  Doi                      = {10.1145/2460999.2461028},
  ISBN                     = {978-1-4503-1848-8},
  Keywords                 = {bug tracking, bug triage, change request assignment, issue tracking, software maintenance},
  Url                      = {http://doi.acm.org/10.1145/2460999.2461028}
}

@Article{chandra_snugglebug:_2009,
  Title                    = {Snugglebug: {A} {Powerful} {Approach} to {Weakest} {Preconditions}},
  Author                   = {Chandra, Satish and Fink, Stephen J. and Sridharan, Manu},
  Journal                  = {SIGPLAN Not.},
  Year                     = {2009},

  Month                    = jun,
  Number                   = {6},
  Pages                    = {363--374},
  Volume                   = {44},

  Doi                      = {10.1145/1543135.1542517},
  ISSN                     = {0362-1340},
  Keywords                 = {interprocedural analysis, symbolic analysis, weakest preconditions},
  Url                      = {http://doi.acm.org/10.1145/1543135.1542517}
}

@InProceedings{chandra_snugglebug:_2009-1,
  Title                    = {Snugglebug: {A} {Powerful} {Approach} to {Weakest} {Preconditions}},
  Author                   = {Chandra, Satish and Fink, Stephen J. and Sridharan, Manu},
  Booktitle                = {Proceedings of the 30th {ACM} {SIGPLAN} {Conference} on {Programming} {Language} {Design} and {Implementation}},
  Year                     = {2009},

  Address                  = {New York, NY, USA},
  Pages                    = {363--374},
  Publisher                = {ACM},
  Series                   = {{PLDI} '09},

  Doi                      = {10.1145/1542476.1542517},
  ISBN                     = {978-1-60558-392-1},
  Keywords                 = {interprocedural analysis, symbolic analysis, weakest preconditions},
  Url                      = {http://doi.acm.org/10.1145/1542476.1542517}
}

@InProceedings{chawla_automated_2015,
  Title                    = {An {Automated} {Approach} for {Bug} {Categorization} {Using} {Fuzzy} {Logic}},
  Author                   = {Chawla, Indu and Singh, Sandeep K.},
  Booktitle                = {Proceedings of the 8th {India} {Software} {Engineering} {Conference}},
  Year                     = {2015},

  Address                  = {New York, NY, USA},
  Pages                    = {90--99},
  Publisher                = {ACM},
  Series                   = {{ISEC} '15},

  Doi                      = {10.1145/2723742.2723751},
  ISBN                     = {978-1-4503-3432-7},
  Keywords                 = {Bug Categorization, Bug Repository, Fuzzy Logic},
  Url                      = {http://doi.acm.org/10.1145/2723742.2723751}
}

@Article{chen_taming_2013,
  Title                    = {Taming {Compiler} {Fuzzers}},
  Author                   = {Chen, Yang and Groce, Alex and Zhang, Chaoqiang and Wong, Weng-Keen and Fern, Xiaoli and Eide, Eric and Regehr, John},
  Journal                  = {SIGPLAN Not.},
  Year                     = {2013},

  Month                    = jun,
  Number                   = {6},
  Pages                    = {197--208},
  Volume                   = {48},

  Doi                      = {10.1145/2499370.2462173},
  ISSN                     = {0362-1340},
  Keywords                 = {automated testing, bug reporting, compiler defect, compiler testing, fuzz testing, random testing, test-case reduction},
  Url                      = {http://doi.acm.org/10.1145/2499370.2462173}
}

@InProceedings{chen_taming_2013-1,
  Title                    = {Taming {Compiler} {Fuzzers}},
  Author                   = {Chen, Yang and Groce, Alex and Zhang, Chaoqiang and Wong, Weng-Keen and Fern, Xiaoli and Eide, Eric and Regehr, John},
  Booktitle                = {Proceedings of the 34th {ACM} {SIGPLAN} {Conference} on {Programming} {Language} {Design} and {Implementation}},
  Year                     = {2013},

  Address                  = {New York, NY, USA},
  Pages                    = {197--208},
  Publisher                = {ACM},
  Series                   = {{PLDI} '13},

  Doi                      = {10.1145/2491956.2462173},
  ISBN                     = {978-1-4503-2014-6},
  Keywords                 = {automated testing, bug reporting, compiler defect, compiler testing, fuzz testing, random testing, test-case reduction},
  Url                      = {http://doi.acm.org/10.1145/2491956.2462173}
}

@InProceedings{choudhary_detecting_2011,
  Title                    = {Detecting {Cross}-browser {Issues} in {Web} {Applications}},
  Author                   = {Choudhary, Shauvik Roy},
  Booktitle                = {Proceedings of the 33rd {International} {Conference} on {Software} {Engineering}},
  Year                     = {2011},

  Address                  = {New York, NY, USA},
  Pages                    = {1146--1148},
  Publisher                = {ACM},
  Series                   = {{ICSE} '11},

  Doi                      = {10.1145/1985793.1986024},
  ISBN                     = {978-1-4503-0445-0},
  Keywords                 = {computer vision, dynamic analysis, tree matching, web testing},
  Url                      = {http://doi.acm.org/10.1145/1985793.1986024}
}

@InProceedings{concas_clustering_2014,
  Title                    = {Clustering of {Defects} in {Java} {Software} {Systems}},
  Author                   = {Concas, Giulio and Monni, Cristina and Orrù, Matteo and Tonelli, Roberto},
  Booktitle                = {Proceedings of the 5th {International} {Workshop} on {Emerging} {Trends} in {Software} {Metrics}},
  Year                     = {2014},

  Address                  = {New York, NY, USA},
  Pages                    = {59--65},
  Publisher                = {ACM},
  Series                   = {{WETSoM} 2014},

  Doi                      = {10.1145/2593868.2593879},
  ISBN                     = {978-1-4503-2854-8},
  Keywords                 = {Bugs, Clustering, Software Networks},
  Url                      = {http://doi.acm.org/10.1145/2593868.2593879}
}

@Article{confer_distributed_2013,
  Title                    = {Distributed {Project} {Control} {Management}: {Using} {Fossil} to {Get} {Beyond} {Source} {Control}},
  Author                   = {Confer, William},
  Journal                  = {J. Comput. Sci. Coll.},
  Year                     = {2013},

  Month                    = jun,
  Number                   = {6},
  Pages                    = {67--68},
  Volume                   = {28},

  ISSN                     = {1937-4771},
  Url                      = {http://dl.acm.org/citation.cfm?id=2460156.2460170}
}

@InProceedings{conlon_overhaul_2007,
  Title                    = {Overhaul {Your} {Helpdesk} {Ticketing} {System}},
  Author                   = {Conlon, Matthew J.},
  Booktitle                = {Proceedings of the 35th {Annual} {ACM} {SIGUCCS} {Fall} {Conference}},
  Year                     = {2007},

  Address                  = {New York, NY, USA},
  Pages                    = {37--40},
  Publisher                = {ACM},
  Series                   = {{SIGUCCS} '07},

  Doi                      = {10.1145/1294046.1294056},
  ISBN                     = {978-1-59593-634-9},
  Keywords                 = {customer support, desktop support, helpdesk, incident, issue, knowledge base, problem, request, service desk, ticket, ticketing system, tracking, web-based software, work request},
  Url                      = {http://doi.acm.org/10.1145/1294046.1294056}
}

@InProceedings{corley_recovering_2011,
  Title                    = {Recovering {Traceability} {Links} {Between} {Source} {Code} and {Fixed} {Bugs} via {Patch} {Analysis}},
  Author                   = {Corley, Christopher S. and Kraft, Nicholas A. and Etzkorn, Letha H. and Lukins, Stacy K.},
  Booktitle                = {Proceedings of the 6th {International} {Workshop} on {Traceability} in {Emerging} {Forms} of {Software} {Engineering}},
  Year                     = {2011},

  Address                  = {New York, NY, USA},
  Pages                    = {31--37},
  Publisher                = {ACM},
  Series                   = {{TEFSE} '11},

  Doi                      = {10.1145/1987856.1987863},
  ISBN                     = {978-1-4503-0589-1},
  Keywords                 = {bug assignment, bug mapping, link recovery, mining software repositories, traceability, trace automation},
  Url                      = {http://doi.acm.org/10.1145/1987856.1987863}
}

@InProceedings{davies_whats_2014,
  Title                    = {What's in a {Bug} {Report}?},
  Author                   = {Davies, Steven and Roper, Marc},
  Booktitle                = {Proceedings of the 8th {ACM}/{IEEE} {International} {Symposium} on {Empirical} {Software} {Engineering} and {Measurement}},
  Year                     = {2014},

  Address                  = {New York, NY, USA},
  Pages                    = {26:1--26:10},
  Publisher                = {ACM},
  Series                   = {{ESEM} '14},

  Doi                      = {10.1145/2652524.2652541},
  ISBN                     = {978-1-4503-2774-9},
  Keywords                 = {bug report, Bug Repository, software maintenance},
  Url                      = {http://doi.acm.org/10.1145/2652524.2652541}
}

@InProceedings{delaitre_evaluating_2015,
  Title                    = {Evaluating {Bug} {Finders}: {Test} and {Measurement} of {Static} {Code} {Analyzers}},
  Author                   = {Delaitre, Aurelien and Stivalet, Bertrand and Fong, Elizabeth and Okun, Vadim},
  Booktitle                = {Proceedings of the {First} {International} {Workshop} on {Complex} {faUlts} and {Failures} in {LargE} {Software} {Systems}},
  Year                     = {2015},

  Address                  = {Piscataway, NJ, USA},
  Pages                    = {14--20},
  Publisher                = {IEEE Press},
  Series                   = {{COUFLESS} '15},

  Keywords                 = {software assurance, software faults, software vulnerability, static analysis tools},
  Url                      = {http://dl.acm.org/citation.cfm?id=2819419.2819423}
}

@InProceedings{delugach_evaluation_2007,
  Title                    = {An {Evaluation} of the {Pragmatics} of {Web}-based {Bug} {Tracking} {Tools}},
  Author                   = {Delugach, Harry S.},
  Booktitle                = {Proceedings of the 2Nd {International} {Conference} on {Pragmatic} {Web}},
  Year                     = {2007},

  Address                  = {New York, NY, USA},
  Pages                    = {49--55},
  Publisher                = {ACM},
  Series                   = {{ICPW} '07},

  Doi                      = {10.1145/1324237.1324243},
  ISBN                     = {978-1-59593-859-6},
  Keywords                 = {conceptual graphs, process models, software issue tracking},
  Url                      = {http://doi.acm.org/10.1145/1324237.1324243}
}

@Article{deng_efficient_2013,
  Title                    = {Efficient {Concurrency}-bug {Detection} {Across} {Inputs}},
  Author                   = {Deng, Dongdong and Zhang, Wei and Lu, Shan},
  Journal                  = {SIGPLAN Not.},
  Year                     = {2013},

  Month                    = oct,
  Number                   = {10},
  Pages                    = {785--802},
  Volume                   = {48},

  Doi                      = {10.1145/2544173.2509539},
  ISSN                     = {0362-1340},
  Keywords                 = {bug detection, Concurrency Bugs, Multi-Threaded Software, software testing},
  Url                      = {http://doi.acm.org/10.1145/2544173.2509539}
}

@InProceedings{deng_efficient_2013-1,
  Title                    = {Efficient {Concurrency}-bug {Detection} {Across} {Inputs}},
  Author                   = {Deng, Dongdong and Zhang, Wei and Lu, Shan},
  Booktitle                = {Proceedings of the 2013 {ACM} {SIGPLAN} {International} {Conference} on {Object} {Oriented} {Programming} {Systems} {Languages} \&\#38; {Applications}},
  Year                     = {2013},

  Address                  = {New York, NY, USA},
  Pages                    = {785--802},
  Publisher                = {ACM},
  Series                   = {{OOPSLA} '13},

  Doi                      = {10.1145/2509136.2509539},
  ISBN                     = {978-1-4503-2374-1},
  Keywords                 = {bug detection, Concurrency Bugs, Multi-Threaded Software, software testing},
  Url                      = {http://doi.acm.org/10.1145/2509136.2509539}
}

@InProceedings{deshmukh_symbolic_2009,
  Title                    = {Symbolic {Deadlock} {Analysis} in {Concurrent} {Libraries} and {Their} {Clients}},
  Author                   = {Deshmukh, Jyotirmoy and Emerson, E. Allen and Sankaranarayanan, Sriram},
  Booktitle                = {Proceedings of the 2009 {IEEE}/{ACM} {International} {Conference} on {Automated} {Software} {Engineering}},
  Year                     = {2009},

  Address                  = {Washington, DC, USA},
  Pages                    = {480--491},
  Publisher                = {IEEE Computer Society},
  Series                   = {{ASE} '09},

  Doi                      = {10.1109/ASE.2009.14},
  ISBN                     = {978-0-7695-3891-4},
  Keywords                 = {Concurrent Libraries, Deadlock Detection, program analysis, SMT solvers, static analysis},
  Url                      = {http://dx.doi.org/10.1109/ASE.2009.14}
}

@InProceedings{di_ruscio_ossmeter:_2015,
  Title                    = {{OSSMETER}: {A} {Software} {Measurement} {Platform} for {Automatically} {Analysing} {Open} {Source} {Software} {Projects}},
  Author                   = {Di Ruscio, Davide and Kolovos, Dimitris S. and Korkontzelos, Ioannis and Matragkas, Nicholas and Vinju, Jurgen J.},
  Booktitle                = {Proceedings of the 2015 10th {Joint} {Meeting} on {Foundations} of {Software} {Engineering}},
  Year                     = {2015},

  Address                  = {New York, NY, USA},
  Pages                    = {970--973},
  Publisher                = {ACM},
  Series                   = {{ESEC}/{FSE} 2015},

  Doi                      = {10.1145/2786805.2803186},
  ISBN                     = {978-1-4503-3675-8},
  Keywords                 = {Open source software, Source code analysis, Text mining techniques},
  Url                      = {http://doi.acm.org/10.1145/2786805.2803186}
}

@InProceedings{digiuseppe_semantic_2012,
  Title                    = {Semantic {Fault} {Diagnosis}: {Automatic} {Natural}-language {Fault} {Descriptions}},
  Author                   = {DiGiuseppe, Nicholas and Jones, James A.},
  Booktitle                = {Proceedings of the {ACM} {SIGSOFT} 20th {International} {Symposium} on the {Foundations} of {Software} {Engineering}},
  Year                     = {2012},

  Address                  = {New York, NY, USA},
  Pages                    = {23:1--23:4},
  Publisher                = {ACM},
  Series                   = {{FSE} '12},

  Doi                      = {10.1145/2393596.2393623},
  ISBN                     = {978-1-4503-1614-9},
  Keywords                 = {maintenance, program comprehension, testing},
  Url                      = {http://doi.acm.org/10.1145/2393596.2393623}
}

@InProceedings{dit_impactminer:_2014,
  Title                    = {{ImpactMiner}: {A} {Tool} for {Change} {Impact} {Analysis}},
  Author                   = {Dit, Bogdan and Wagner, Michael and Wen, Shasha and Wang, Weilin and Linares-Vásquez, Mario and Poshyvanyk, Denys and Kagdi, Huzefa},
  Booktitle                = {Companion {Proceedings} of the 36th {International} {Conference} on {Software} {Engineering}},
  Year                     = {2014},

  Address                  = {New York, NY, USA},
  Pages                    = {540--543},
  Publisher                = {ACM},
  Series                   = {{ICSE} {Companion} 2014},

  Doi                      = {10.1145/2591062.2591064},
  ISBN                     = {978-1-4503-2768-8},
  Keywords                 = {Change impact analysis, dynamic analysis, information retrieval, repository mining, subversion},
  Url                      = {http://doi.acm.org/10.1145/2591062.2591064}
}

@InProceedings{duc_anh_empirical_2011,
  Title                    = {Empirical {Validation} of {Human} {Factors} in {Predicting} {Issue} {Lead} {Time} in {Open} {Source} {Projects}},
  Author                   = {Duc Anh, Nguyen and Cruzes, Daniela S. and Conradi, Reidar and Ayala, Claudia},
  Booktitle                = {Proceedings of the 7th {International} {Conference} on {Predictive} {Models} in {Software} {Engineering}},
  Year                     = {2011},

  Address                  = {New York, NY, USA},
  Pages                    = {13:1--13:10},
  Publisher                = {ACM},
  Series                   = {Promise '11},

  Doi                      = {10.1145/2020390.2020403},
  ISBN                     = {978-1-4503-0709-3},
  Keywords                 = {bug lead time, bug prediction, bug triage, classification model, Empirical Study, issue lead time, issue resolution time, regression model},
  Url                      = {http://doi.acm.org/10.1145/2020390.2020403}
}

@InProceedings{duc_forking_2014,
  Title                    = {Forking and {Coordination} in {Multi}-platform {Development}: {A} {Case} {Study}},
  Author                   = {Duc, Anh Nguyen and Mockus, Audris and Hackbarth, Randy and Palframan, John},
  Booktitle                = {Proceedings of the 8th {ACM}/{IEEE} {International} {Symposium} on {Empirical} {Software} {Engineering} and {Measurement}},
  Year                     = {2014},

  Address                  = {New York, NY, USA},
  Pages                    = {59:1--59:10},
  Publisher                = {ACM},
  Series                   = {{ESEM} '14},

  Doi                      = {10.1145/2652524.2652546},
  ISBN                     = {978-1-4503-2774-9},
  Keywords                 = {coordination, Empirical Study, fork, multiple platform development},
  Url                      = {http://doi.acm.org/10.1145/2652524.2652546}
}

@InProceedings{fernandes_pilot_2013,
  Title                    = {A {Pilot} {Project} on {Non}-conventional {Learning}},
  Author                   = {Fernandes, Sara and Cerone, Antonio and Barbosa, Luis Soares},
  Booktitle                = {Proceedings of the 18th {ACM} {Conference} on {Innovation} and {Technology} in {Computer} {Science} {Education}},
  Year                     = {2013},

  Address                  = {New York, NY, USA},
  Pages                    = {346--346},
  Publisher                = {ACM},
  Series                   = {{ITiCSE} '13},

  Doi                      = {10.1145/2462476.2466522},
  ISBN                     = {978-1-4503-2078-8},
  Keywords                 = {floss, non-conventional learning, peer-to-peer learning, software engineering},
  Url                      = {http://doi.acm.org/10.1145/2462476.2466522}
}

@InProceedings{fraser_software_2012,
  Title                    = {Software {Tools} {Research}: {A} {Matter} of {Scale} and {Scope} - or {Commoditization}?},
  Author                   = {Fraser, Steven and Cooper, Kendra and Coplien, Jim and Lennon, Ruth and Ravichandar, Ramya and Spinellis, Diomidis and Succi, Giancarlo},
  Booktitle                = {Proceedings of the 3rd {Annual} {Conference} on {Systems}, {Programming}, and {Applications}: {Software} for {Humanity}},
  Year                     = {2012},

  Address                  = {New York, NY, USA},
  Pages                    = {59--62},
  Publisher                = {ACM},
  Series                   = {{SPLASH} '12},

  Doi                      = {10.1145/2384716.2384740},
  ISBN                     = {978-1-4503-1563-0},
  Keywords                 = {process, research, tools},
  Url                      = {http://doi.acm.org/10.1145/2384716.2384740}
}

@Article{goldberg_using_1992,
  Title                    = {Using {Collaborative} {Filtering} to {Weave} an {Information} {Tapestry}},
  Author                   = {Goldberg, David and Nichols, David and Oki, Brian M. and Terry, Douglas},
  Journal                  = {Commun. ACM},
  Year                     = {1992},

  Month                    = dec,
  Number                   = {12},
  Pages                    = {61--70},
  Volume                   = {35},

  Doi                      = {10.1145/138859.138867},
  ISSN                     = {0001-0782},
  Keywords                 = {information filtering, tapestry},
  Url                      = {http://doi.acm.org/10.1145/138859.138867}
}

@InProceedings{gonzalez-barahona_collecting_2010,
  Title                    = {Collecting {Data} {About} {FLOSS} {Development}: {The} {FLOSSMetrics} {Experience}},
  Author                   = {Gonzalez-Barahona, Jesus M. and Robles, Gregorio and Dueñas, Santiago},
  Booktitle                = {Proceedings of the 3rd {International} {Workshop} on {Emerging} {Trends} in {Free}/{Libre}/{Open} {Source} {Software} {Research} and {Development}},
  Year                     = {2010},

  Address                  = {New York, NY, USA},
  Pages                    = {29--34},
  Publisher                = {ACM},
  Series                   = {{FLOSS} '10},

  Doi                      = {10.1145/1833272.1833278},
  ISBN                     = {978-1-60558-978-7},
  Url                      = {http://doi.acm.org/10.1145/1833272.1833278}
}

@InProceedings{gonzalez-barahona_metricsgrimoire_2015,
  Title                    = {The {MetricsGrimoire} {Database} {Collection}},
  Author                   = {Gonzalez-Barahona, Jesus M. and Robles, Gregorio and Izquierdo-Cortazar, Daniel},
  Booktitle                = {Proceedings of the 12th {Working} {Conference} on {Mining} {Software} {Repositories}},
  Year                     = {2015},

  Address                  = {Piscataway, NJ, USA},
  Pages                    = {478--481},
  Publisher                = {IEEE Press},
  Series                   = {{MSR} '15},

  Url                      = {http://dl.acm.org/citation.cfm?id=2820518.2820592}
}

@InProceedings{gu_what_2015,
  Title                    = {What {Change} {History} {Tells} {Us} {About} {Thread} {Synchronization}},
  Author                   = {Gu, Rui and Jin, Guoliang and Song, Linhai and Zhu, Linjie and Lu, Shan},
  Booktitle                = {Proceedings of the 2015 10th {Joint} {Meeting} on {Foundations} of {Software} {Engineering}},
  Year                     = {2015},

  Address                  = {New York, NY, USA},
  Pages                    = {426--438},
  Publisher                = {ACM},
  Series                   = {{ESEC}/{FSE} 2015},

  Doi                      = {10.1145/2786805.2786815},
  ISBN                     = {978-1-4503-3675-8},
  Keywords                 = {Concurrency Bugs, Empirical Study, Locks, Multi-Threaded Software, Performance Bugs, repository mining},
  Url                      = {http://doi.acm.org/10.1145/2786805.2786815}
}

@Article{gu_reusing_2012,
  Title                    = {Reusing {Debugging} {Knowledge} via {Trace}-based {Bug} {Search}},
  Author                   = {Gu, Zhongxian and Barr, Earl T. and Schleck, Drew and Su, Zhendong},
  Journal                  = {SIGPLAN Not.},
  Year                     = {2012},

  Month                    = oct,
  Number                   = {10},
  Pages                    = {927--942},
  Volume                   = {47},

  Doi                      = {10.1145/2398857.2384684},
  ISSN                     = {0362-1340},
  Keywords                 = {oscilloscope, reusing debugging knowledge},
  Url                      = {http://doi.acm.org/10.1145/2398857.2384684}
}

@InProceedings{gu_reusing_2012-1,
  Title                    = {Reusing {Debugging} {Knowledge} via {Trace}-based {Bug} {Search}},
  Author                   = {Gu, Zhongxian and Barr, Earl T. and Schleck, Drew and Su, Zhendong},
  Booktitle                = {Proceedings of the {ACM} {International} {Conference} on {Object} {Oriented} {Programming} {Systems} {Languages} and {Applications}},
  Year                     = {2012},

  Address                  = {New York, NY, USA},
  Pages                    = {927--942},
  Publisher                = {ACM},
  Series                   = {{OOPSLA} '12},

  Doi                      = {10.1145/2384616.2384684},
  ISBN                     = {978-1-4503-1561-6},
  Keywords                 = {oscilloscope, reusing debugging knowledge},
  Url                      = {http://doi.acm.org/10.1145/2384616.2384684}
}

@InProceedings{gunawi_what_2014,
  Title                    = {What {Bugs} {Live} in the {Cloud}? {A} {Study} of 3000+ {Issues} in {Cloud} {Systems}},
  Author                   = {Gunawi, Haryadi S. and Hao, Mingzhe and Leesatapornwongsa, Tanakorn and Patana-anake, Tiratat and Do, Thanh and Adityatama, Jeffry and Eliazar, Kurnia J. and Laksono, Agung and Lukman, Jeffrey F. and Martin, Vincentius and Satria, Anang D.},
  Booktitle                = {Proceedings of the {ACM} {Symposium} on {Cloud} {Computing}},
  Year                     = {2014},

  Address                  = {New York, NY, USA},
  Pages                    = {7:1--7:14},
  Publisher                = {ACM},
  Series                   = {{SOCC} '14},

  Doi                      = {10.1145/2670979.2670986},
  ISBN                     = {978-1-4503-3252-1},
  Url                      = {http://doi.acm.org/10.1145/2670979.2670986}
}

@InProceedings{guo_using_2014,
  Title                    = {Using {Clustering} and {Transitivity} to {Reduce} the {Costs} of {Crowdsourced} {Entity} {Resolution}},
  Author                   = {Guo, Lisha and Sun, Hailong and Liu, Xudong},
  Booktitle                = {Proceedings of the 1st {International} {Workshop} on {Crowd}-based {Software} {Development} {Methods} and {Technologies}},
  Year                     = {2014},

  Address                  = {New York, NY, USA},
  Pages                    = {13--18},
  Publisher                = {ACM},
  Series                   = {{CrowdSoft} 2014},

  Doi                      = {10.1145/2666539.2666568},
  ISBN                     = {978-1-4503-3224-8},
  Keywords                 = {Clustering, crowdsourcing, Entity resolution, Software, transitivity},
  Url                      = {http://doi.acm.org/10.1145/2666539.2666568}
}

@InProceedings{gupta_nirikshan:_2014-1,
  Title                    = {Nirikshan: {Process} {Mining} {Software} {Repositories} to {Identify} {Inefficiencies}, {Imperfections}, and {Enhance} {Existing} {Process} {Capabilities}},
  Author                   = {Gupta, Monika},
  Booktitle                = {Companion {Proceedings} of the 36th {International} {Conference} on {Software} {Engineering}},
  Year                     = {2014},

  Address                  = {New York, NY, USA},
  Pages                    = {658--661},
  Publisher                = {ACM},
  Series                   = {{ICSE} {Companion} 2014},

  Doi                      = {10.1145/2591062.2591080},
  ISBN                     = {978-1-4503-2768-8},
  Keywords                 = {Business Process Intelligence, empirical software engineering and measurements, mining software repositories, open-source software, process mining},
  Url                      = {http://doi.acm.org/10.1145/2591062.2591080}
}

@InProceedings{gupta_nirikshan:_2014,
  Title                    = {Nirikshan: {Mining} {Bug} {Report} {History} for {Discovering} {Process} {Maps}, {Inefficiencies} and {Inconsistencies}},
  Author                   = {Gupta, Monika and Sureka, Ashish},
  Booktitle                = {Proceedings of the 7th {India} {Software} {Engineering} {Conference}},
  Year                     = {2014},

  Address                  = {New York, NY, USA},
  Pages                    = {1:1--1:10},
  Publisher                = {ACM},
  Series                   = {{ISEC} '14},

  Doi                      = {10.1145/2590748.2590749},
  ISBN                     = {978-1-4503-2776-3},
  Keywords                 = {empirical software engineering and measurements, issue tracking system, mining software repositories, open-source software, process mining, software maintenance},
  Url                      = {http://doi.acm.org/10.1145/2590748.2590749}
}

@InProceedings{gupta_process_2014,
  Title                    = {Process {Mining} {Multiple} {Repositories} for {Software} {Defect} {Resolution} from {Control} and {Organizational} {Perspective}},
  Author                   = {Gupta, Monika and Sureka, Ashish and Padmanabhuni, Srinivas},
  Booktitle                = {Proceedings of the 11th {Working} {Conference} on {Mining} {Software} {Repositories}},
  Year                     = {2014},

  Address                  = {New York, NY, USA},
  Pages                    = {122--131},
  Publisher                = {ACM},
  Series                   = {{MSR} 2014},

  Doi                      = {10.1145/2597073.2597081},
  ISBN                     = {978-1-4503-2863-0},
  Keywords                 = {empirical software engineering and measurements, issue tracking system, Peer Code Review System, process mining, Social Network Analysis, software maintenance},
  Url                      = {http://doi.acm.org/10.1145/2597073.2597081}
}

@InProceedings{gupta_scqam:_2014,
  Title                    = {{SCQAM}: {A} {Scalable} {Structured} {Code} {Quality} {Assessment} {Method} for {Industrial} {Software}},
  Author                   = {Gupta, Shrinath and Singh, Himanshu Kumar and Venkatasubramanyam, Radhika D. and Uppili, Umesh},
  Booktitle                = {Proceedings of the 22Nd {International} {Conference} on {Program} {Comprehension}},
  Year                     = {2014},

  Address                  = {New York, NY, USA},
  Pages                    = {244--252},
  Publisher                = {ACM},
  Series                   = {{ICPC} 2014},

  Doi                      = {10.1145/2597008.2597806},
  ISBN                     = {978-1-4503-2879-1},
  Keywords                 = {Code Analysis Tools, Software Code Assessment Method, Software Code Quality, Software Product Quality},
  Url                      = {http://doi.acm.org/10.1145/2597008.2597806}
}

@InProceedings{halfaker_making_2013,
  Title                    = {Making {Peripheral} {Participation} {Legitimate}: {Reader} {Engagement} {Experiments} in {Wikipedia}},
  Author                   = {Halfaker, Aaron and Keyes, Oliver and Taraborelli, Dario},
  Booktitle                = {Proceedings of the 2013 {Conference} on {Computer} {Supported} {Cooperative} {Work}},
  Year                     = {2013},

  Address                  = {New York, NY, USA},
  Pages                    = {849--860},
  Publisher                = {ACM},
  Series                   = {{CSCW} '13},

  Doi                      = {10.1145/2441776.2441872},
  ISBN                     = {978-1-4503-1331-5},
  Keywords                 = {experiment, legitimate peripheral participation, open production, participation, quatitative, social learning, wikipedia},
  Url                      = {http://doi.acm.org/10.1145/2441776.2441872}
}

@InProceedings{heck_analysis_2013,
  Title                    = {An {Analysis} of {Requirements} {Evolution} in {Open} {Source} {Projects}: {Recommendations} for {Issue} {Trackers}},
  Author                   = {Heck, Petra and Zaidman, Andy},
  Booktitle                = {Proceedings of the 2013 {International} {Workshop} on {Principles} of {Software} {Evolution}},
  Year                     = {2013},

  Address                  = {New York, NY, USA},
  Pages                    = {43--52},
  Publisher                = {ACM},
  Series                   = {{IWPSE} 2013},

  Doi                      = {10.1145/2501543.2501550},
  ISBN                     = {978-1-4503-2311-6},
  Keywords                 = {feature request, issue tracker, open source},
  Url                      = {http://doi.acm.org/10.1145/2501543.2501550}
}

@InProceedings{heller_me_2011,
  Title                    = {Me {Hates} {This}: {Exploring} {Different} {Levels} of {User} {Feedback} for ({Usability}) {Bug} {Reporting}},
  Author                   = {Heller, Florian and Lichtschlag, Leonhard and Wittenhagen, Moritz and Karrer, Thorsten and Borchers, Jan},
  Booktitle                = {{CHI} '11 {Extended} {Abstracts} on {Human} {Factors} in {Computing} {Systems}},
  Year                     = {2011},

  Address                  = {New York, NY, USA},
  Pages                    = {1357--1362},
  Publisher                = {ACM},
  Series                   = {{CHI} {EA} '11},

  Doi                      = {10.1145/1979742.1979774},
  ISBN                     = {978-1-4503-0268-5},
  Keywords                 = {evaluation, Feedback, modality, Usability, user reports},
  Url                      = {http://doi.acm.org/10.1145/1979742.1979774}
}

@InProceedings{helming_managing_2010,
  Title                    = {Managing {Iterations} with {UNICASE}},
  Author                   = {Helming, Jonas and Koegel, Maximilian},
  Booktitle                = {Proceedings of the 32Nd {ACM}/{IEEE} {International} {Conference} on {Software} {Engineering} - {Volume} 2},
  Year                     = {2010},

  Address                  = {New York, NY, USA},
  Pages                    = {313--314},
  Publisher                = {ACM},
  Series                   = {{ICSE} '10},

  Doi                      = {10.1145/1810295.1810367},
  ISBN                     = {978-1-60558-719-6},
  Url                      = {http://doi.acm.org/10.1145/1810295.1810367}
}

@InProceedings{herraiz_towards_2008,
  Title                    = {Towards a {Simplification} of the {Bug} {Report} {Form} in {Eclipse}},
  Author                   = {Herraiz, Israel and German, Daniel M. and Gonzalez-Barahona, Jesus M. and Robles, Gregorio},
  Booktitle                = {Proceedings of the 2008 {International} {Working} {Conference} on {Mining} {Software} {Repositories}},
  Year                     = {2008},

  Address                  = {New York, NY, USA},
  Pages                    = {145--148},
  Publisher                = {ACM},
  Series                   = {{MSR} '08},

  Doi                      = {10.1145/1370750.1370786},
  ISBN                     = {978-1-60558-024-1},
  Keywords                 = {bug report, bug tracking system, ECLIPSE, MSR challenge},
  Url                      = {http://doi.acm.org/10.1145/1370750.1370786}
}

@InProceedings{herzig_it&039;s_2013,
  Title                    = {It\&\#039;s {Not} a {Bug}, {It}\&\#039;s a {Feature}: {How} {Misclassification} {Impacts} {Bug} {Prediction}},
  Author                   = {Herzig, Kim and Just, Sascha and Zeller, Andreas},
  Booktitle                = {Proceedings of the 2013 {International} {Conference} on {Software} {Engineering}},
  Year                     = {2013},

  Address                  = {Piscataway, NJ, USA},
  Pages                    = {392--401},
  Publisher                = {IEEE Press},
  Series                   = {{ICSE} '13},

  ISBN                     = {978-1-4673-3076-3},
  Url                      = {http://dl.acm.org/citation.cfm?id=2486788.2486840}
}

@InProceedings{hindle_release_2007,
  Title                    = {Release {Pattern} {Discovery} via {Partitioning}: {Methodology} and {Case} {Study}},
  Author                   = {Hindle, Abram and Godfrey, Michael W. and Holt, Richard C.},
  Booktitle                = {Proceedings of the {Fourth} {International} {Workshop} on {Mining} {Software} {Repositories}},
  Year                     = {2007},

  Address                  = {Washington, DC, USA},
  Pages                    = {19--},
  Publisher                = {IEEE Computer Society},
  Series                   = {{MSR} '07},

  Doi                      = {10.1109/MSR.2007.28},
  ISBN                     = {0-7695-2950-X},
  Url                      = {http://dx.doi.org/10.1109/MSR.2007.28}
}

@InProceedings{holmes_deep_2008,
  Title                    = {Deep {Intellisense}: {A} {Tool} for {Rehydrating} {Evaporated} {Information}},
  Author                   = {Holmes, Reid and Begel, Andrew},
  Booktitle                = {Proceedings of the 2008 {International} {Working} {Conference} on {Mining} {Software} {Repositories}},
  Year                     = {2008},

  Address                  = {New York, NY, USA},
  Pages                    = {23--26},
  Publisher                = {ACM},
  Series                   = {{MSR} '08},

  Doi                      = {10.1145/1370750.1370755},
  ISBN                     = {978-1-60558-024-1},
  Keywords                 = {code investigation, mining repositories},
  Url                      = {http://doi.acm.org/10.1145/1370750.1370755}
}

@InProceedings{humphrey_review_1990,
  Title                    = {Review of the {State}-of-the-art ({Session} {Summary})},
  Author                   = {Humphrey, Watts},
  Booktitle                = {Proceedings of the 5th {International} {Software} {Process} {Workshop} on {Experience} with {Software} {Process} {Models}},
  Year                     = {1990},

  Address                  = {Los Alamitos, CA, USA},
  Pages                    = {7--11},
  Publisher                = {IEEE Computer Society Press},
  Series                   = {{ISPW} '90},

  ISBN                     = {0-8186-2104-4},
  Url                      = {http://dl.acm.org/citation.cfm?id=317498.317687}
}

@InProceedings{ihara_analysis_2009,
  Title                    = {An {Analysis} {Method} for {Improving} a {Bug} {Modification} {Process} in {Open} {Source} {Software} {Development}},
  Author                   = {Ihara, Akinori and Ohira, Masao and Matsumoto, Ken-ichi},
  Booktitle                = {Proceedings of the {Joint} {International} and {Annual} {ERCIM} {Workshops} on {Principles} of {Software} {Evolution} ({IWPSE}) and {Software} {Evolution} ({Evol}) {Workshops}},
  Year                     = {2009},

  Address                  = {New York, NY, USA},
  Pages                    = {135--144},
  Publisher                = {ACM},
  Series                   = {{IWPSE}-{Evol} '09},

  Doi                      = {10.1145/1595808.1595833},
  ISBN                     = {978-1-60558-678-6},
  Keywords                 = {apache, bug tracking system, firefox, modification process, open source software development, repository mining},
  Url                      = {http://doi.acm.org/10.1145/1595808.1595833}
}

@Article{jin_automated_2011,
  Title                    = {Automated {Atomicity}-violation {Fixing}},
  Author                   = {Jin, Guoliang and Song, Linhai and Zhang, Wei and Lu, Shan and Liblit, Ben},
  Journal                  = {SIGPLAN Not.},
  Year                     = {2011},

  Month                    = jun,
  Number                   = {6},
  Pages                    = {389--400},
  Volume                   = {46},

  Doi                      = {10.1145/1993316.1993544},
  ISSN                     = {0362-1340},
  Keywords                 = {atomicity violations, automated debugging, concurrency, critical regions, deadlock, mutex locks, mutual exclusion, patching, static analysis},
  Url                      = {http://doi.acm.org/10.1145/1993316.1993544}
}

@InProceedings{jin_automated_2011-1,
  Title                    = {Automated {Atomicity}-violation {Fixing}},
  Author                   = {Jin, Guoliang and Song, Linhai and Zhang, Wei and Lu, Shan and Liblit, Ben},
  Booktitle                = {Proceedings of the 32Nd {ACM} {SIGPLAN} {Conference} on {Programming} {Language} {Design} and {Implementation}},
  Year                     = {2011},

  Address                  = {New York, NY, USA},
  Pages                    = {389--400},
  Publisher                = {ACM},
  Series                   = {{PLDI} '11},

  Doi                      = {10.1145/1993498.1993544},
  ISBN                     = {978-1-4503-0663-8},
  Keywords                 = {atomicity violations, automated debugging, concurrency, critical regions, deadlock, mutex locks, mutual exclusion, patching, static analysis},
  Url                      = {http://doi.acm.org/10.1145/1993498.1993544}
}

@Article{kasikci_automated_2015,
  Title                    = {Automated {Classification} of {Data} {Races} {Under} {Both} {Strong} and {Weak} {Memory} {Models}},
  Author                   = {Kasikci, Baris and Zamfir, Cristian and Candea, George},
  Journal                  = {ACM Trans. Program. Lang. Syst.},
  Year                     = {2015},

  Month                    = may,
  Number                   = {3},
  Pages                    = {8:1--8:44},
  Volume                   = {37},

  Doi                      = {10.1145/2734118},
  ISSN                     = {0164-0925},
  Keywords                 = {concurrency, data races, symbolic execution, triage},
  Url                      = {http://doi.acm.org/10.1145/2734118}
}

@InProceedings{kasikci_data_2012,
  Title                    = {Data {Races} vs. {Data} {Race} {Bugs}: {Telling} the {Difference} with {Portend}},
  Author                   = {Kasikci, Baris and Zamfir, Cristian and Candea, George},
  Booktitle                = {Proceedings of the {Seventeenth} {International} {Conference} on {Architectural} {Support} for {Programming} {Languages} and {Operating} {Systems}},
  Year                     = {2012},

  Address                  = {New York, NY, USA},
  Pages                    = {185--198},
  Publisher                = {ACM},
  Series                   = {{ASPLOS} {XVII}},

  Doi                      = {10.1145/2150976.2150997},
  ISBN                     = {978-1-4503-0759-8},
  Keywords                 = {concurrency, data races, testing, triage},
  Url                      = {http://doi.acm.org/10.1145/2150976.2150997}
}

@Article{kasikci_data_2012-1,
  Title                    = {Data {Races} vs. {Data} {Race} {Bugs}: {Telling} the {Difference} with {Portend}},
  Author                   = {Kasikci, Baris and Zamfir, Cristian and Candea, George},
  Journal                  = {SIGARCH Comput. Archit. News},
  Year                     = {2012},

  Month                    = mar,
  Number                   = {1},
  Pages                    = {185--198},
  Volume                   = {40},

  Doi                      = {10.1145/2189750.2150997},
  ISSN                     = {0163-5964},
  Keywords                 = {concurrency, data races, testing, triage},
  Url                      = {http://doi.acm.org/10.1145/2189750.2150997}
}

@Article{kasikci_data_2012-2,
  Title                    = {Data {Races} vs. {Data} {Race} {Bugs}: {Telling} the {Difference} with {Portend}},
  Author                   = {Kasikci, Baris and Zamfir, Cristian and Candea, George},
  Journal                  = {SIGPLAN Not.},
  Year                     = {2012},

  Month                    = mar,
  Number                   = {4},
  Pages                    = {185--198},
  Volume                   = {47},

  Doi                      = {10.1145/2248487.2150997},
  ISSN                     = {0362-1340},
  Keywords                 = {concurrency, data races, testing, triage},
  Url                      = {http://doi.acm.org/10.1145/2248487.2150997}
}

@InProceedings{keivanloo_linked_2012,
  Title                    = {A {Linked} {Data} {Platform} for {Mining} {Software} {Repositories}},
  Author                   = {Keivanloo, Iman and Forbes, Christopher and Hmood, Aseel and Erfani, Mostafa and Neal, Christopher and Peristerakis, George and Rilling, Juergen},
  Booktitle                = {Proceedings of the 9th {IEEE} {Working} {Conference} on {Mining} {Software} {Repositories}},
  Year                     = {2012},

  Address                  = {Piscataway, NJ, USA},
  Pages                    = {32--35},
  Publisher                = {IEEE Press},
  Series                   = {{MSR} '12},

  ISBN                     = {978-1-4673-1761-0},
  Keywords                 = {fact sharing, linked data, software mining},
  Url                      = {http://dl.acm.org/citation.cfm?id=2664446.2664451}
}

@InProceedings{ki_poster:_2014,
  Title                    = {Poster: {Retro}: {An} {Automated}, {Application}-layer {Record} and {Replay} for {Android}},
  Author                   = {Ki, Taeyeon and Munipalle, Satyaditya and Dantu, Karthik and Ko, Steven Y. and Ziarek, Lukasz},
  Booktitle                = {Proceedings of the 12th {Annual} {International} {Conference} on {Mobile} {Systems}, {Applications}, and {Services}},
  Year                     = {2014},

  Address                  = {New York, NY, USA},
  Pages                    = {373--373},
  Publisher                = {ACM},
  Series                   = {{MobiSys} '14},

  Doi                      = {10.1145/2594368.2601453},
  ISBN                     = {978-1-4503-2793-0},
  Keywords                 = {android apps, Debugging, record\&\#38, replay},
  Url                      = {http://doi.acm.org/10.1145/2594368.2601453}
}

@InProceedings{ki_open_2009,
  Title                    = {An {Open} {Source}-{Based} {Approach} to {Software} {Development} {Infrastructures}},
  Author                   = {Ki, Yuhoon and Song, Meongchul},
  Booktitle                = {Proceedings of the 2009 {IEEE}/{ACM} {International} {Conference} on {Automated} {Software} {Engineering}},
  Year                     = {2009},

  Address                  = {Washington, DC, USA},
  Pages                    = {525--529},
  Publisher                = {IEEE Computer Society},
  Series                   = {{ASE} '09},

  Doi                      = {10.1109/ASE.2009.73},
  ISBN                     = {978-0-7695-3891-4},
  Keywords                 = {continuous integration, issue tracking, open source, SCM, software engineering tools},
  Url                      = {http://dx.doi.org/10.1109/ASE.2009.73}
}

@InProceedings{kim_software_2014,
  Title                    = {Software {Architecture} {Model} {Driven} {Reverse} {Engineering} {Approach} to {Open} {Source} {Software} {Development}},
  Author                   = {Kim, William and Chung, Sam and Endicott-Popovsky, Barbara},
  Booktitle                = {Proceedings of the 3rd {Annual} {Conference} on {Research} in {Information} {Technology}},
  Year                     = {2014},

  Address                  = {New York, NY, USA},
  Pages                    = {9--14},
  Publisher                = {ACM},
  Series                   = {{RIIT} '14},

  Doi                      = {10.1145/2656434.2656440},
  ISBN                     = {978-1-4503-2711-4},
  Keywords                 = {model-driven software engineering, open source software development, software architecture documentation},
  Url                      = {http://doi.acm.org/10.1145/2656434.2656440}
}

@InProceedings{knab_smart_2009,
  Title                    = {Smart {Views} for {Analyzing} {Problem} {Reports}: {Tool} {Demo}},
  Author                   = {Knab, Patrick and Knab, Patrick and Pinzger, Martin},
  Booktitle                = {Proceedings of the the 7th {Joint} {Meeting} of the {European} {Software} {Engineering} {Conference} and the {ACM} {SIGSOFT} {Symposium} on {The} {Foundations} of {Software} {Engineering}},
  Year                     = {2009},

  Address                  = {New York, NY, USA},
  Pages                    = {289--290},
  Publisher                = {ACM},
  Series                   = {{ESEC}/{FSE} '09},

  Doi                      = {10.1145/1595696.1595746},
  ISBN                     = {978-1-60558-001-2},
  Keywords                 = {effort estimation, Process Metrics, visualization},
  Url                      = {http://doi.acm.org/10.1145/1595696.1595746}
}

@InProceedings{ko_case_2011,
  Title                    = {A {Case} {Study} of {Post}-deployment {User} {Feedback} {Triage}},
  Author                   = {Ko, Andrew J. and Lee, Michael J. and Ferrari, Valentina and Ip, Steven and Tran, Charlie},
  Booktitle                = {Proceedings of the 4th {International} {Workshop} on {Cooperative} and {Human} {Aspects} of {Software} {Engineering}},
  Year                     = {2011},

  Address                  = {New York, NY, USA},
  Pages                    = {1--8},
  Publisher                = {ACM},
  Series                   = {{CHASE} '11},

  Doi                      = {10.1145/1984642.1984644},
  ISBN                     = {978-1-4503-0576-1},
  Keywords                 = {bug reports, bug triage, Software evolution, user feedback},
  Url                      = {http://doi.acm.org/10.1145/1984642.1984644}
}

@InProceedings{ko_finding_2009,
  Title                    = {Finding {Causes} of {Program} {Output} with the {Java} {Whyline}},
  Author                   = {Ko, Andrew J. and Myers, Brad A.},
  Booktitle                = {Proceedings of the {SIGCHI} {Conference} on {Human} {Factors} in {Computing} {Systems}},
  Year                     = {2009},

  Address                  = {New York, NY, USA},
  Pages                    = {1569--1578},
  Publisher                = {ACM},
  Series                   = {{CHI} '09},

  Doi                      = {10.1145/1518701.1518942},
  ISBN                     = {978-1-60558-246-7},
  Keywords                 = {Debugging, instrumentation, slicing, whyline},
  Url                      = {http://doi.acm.org/10.1145/1518701.1518942}
}

@InProceedings{kondoh_finding_2008,
  Title                    = {Finding {Bugs} in {Java} {Native} {Interface} {Programs}},
  Author                   = {Kondoh, Goh and Onodera, Tamiya},
  Booktitle                = {Proceedings of the 2008 {International} {Symposium} on {Software} {Testing} and {Analysis}},
  Year                     = {2008},

  Address                  = {New York, NY, USA},
  Pages                    = {109--118},
  Publisher                = {ACM},
  Series                   = {{ISSTA} '08},

  Doi                      = {10.1145/1390630.1390645},
  ISBN                     = {978-1-60558-050-0},
  Keywords                 = {java native interface, static analysis, typestate analysis},
  Url                      = {http://doi.acm.org/10.1145/1390630.1390645}
}

@InProceedings{koopaei_crashautomata:_2015,
  Title                    = {{CrashAutomata}: {An} {Approach} for the {Detection} of {Duplicate} {Crash} {Reports} {Based} on {Generalizable} {Automata}},
  Author                   = {Koopaei, Neda Ebrahimi and Hamou-Lhadj, Abdelwahab},
  Booktitle                = {Proceedings of the 25th {Annual} {International} {Conference} on {Computer} {Science} and {Software} {Engineering}},
  Year                     = {2015},

  Address                  = {Riverton, NJ, USA},
  Pages                    = {201--210},
  Publisher                = {IBM Corp.},
  Series                   = {{CASCON} '15},

  Keywords                 = {automata-based modeling, duplicate bug reports, mining bug repositories, software maintenance},
  Url                      = {http://dl.acm.org/citation.cfm?id=2886444.2886474}
}

@InProceedings{kshirsagar_issue_2015,
  Title                    = {Issue {Tracking} {System} with {Duplicate} {Issue} {Detection}},
  Author                   = {Kshirsagar, Aniruddha Prakash and Chandre, Pankaj R.},
  Booktitle                = {Proceedings of the {Sixth} {International} {Conference} on {Computer} and {Communication} {Technology} 2015},
  Year                     = {2015},

  Address                  = {New York, NY, USA},
  Pages                    = {41--45},
  Publisher                = {ACM},
  Series                   = {{ICCCT} '15},

  Doi                      = {10.1145/2818567.2818575},
  ISBN                     = {978-1-4503-3552-2},
  Keywords                 = {Bugs, duplicate detection, issue, ITS, QAS},
  Url                      = {http://doi.acm.org/10.1145/2818567.2818575}
}

@Article{kuhn_fault_1999,
  Title                    = {Fault {Classes} and {Error} {Detection} {Capability} of {Specification}-based {Testing}},
  Author                   = {Kuhn, D. Richard},
  Journal                  = {ACM Trans. Softw. Eng. Methodol.},
  Year                     = {1999},

  Month                    = oct,
  Number                   = {4},
  Pages                    = {411--424},
  Volume                   = {8},

  Doi                      = {10.1145/322993.322996},
  ISSN                     = {1049-331X},
  Keywords                 = {testing},
  Url                      = {http://doi.acm.org/10.1145/322993.322996}
}

@InProceedings{lawrance_using_2008,
  Title                    = {Using {Information} {Scent} to {Model} the {Dynamic} {Foraging} {Behavior} of {Programmers} in {Maintenance} {Tasks}},
  Author                   = {Lawrance, Joseph and Bellamy, Rachel and Burnett, Margaret and Rector, Kyle},
  Booktitle                = {Proceedings of the {SIGCHI} {Conference} on {Human} {Factors} in {Computing} {Systems}},
  Year                     = {2008},

  Address                  = {New York, NY, USA},
  Pages                    = {1323--1332},
  Publisher                = {ACM},
  Series                   = {{CHI} '08},

  Doi                      = {10.1145/1357054.1357261},
  ISBN                     = {978-1-60558-011-1},
  Keywords                 = {Debugging, information foraging, software maintenance},
  Url                      = {http://doi.acm.org/10.1145/1357054.1357261}
}

@InProceedings{lazar_generating_2014,
  Title                    = {Generating {Duplicate} {Bug} {Datasets}},
  Author                   = {Lazar, Alina and Ritchey, Sarah and Sharif, Bonita},
  Booktitle                = {Proceedings of the 11th {Working} {Conference} on {Mining} {Software} {Repositories}},
  Year                     = {2014},

  Address                  = {New York, NY, USA},
  Pages                    = {392--395},
  Publisher                = {ACM},
  Series                   = {{MSR} 2014},

  Doi                      = {10.1145/2597073.2597128},
  ISBN                     = {978-1-4503-2863-0},
  Keywords                 = {Data Repositories, Duplicate Bug Pairs, duplicate bug reports},
  Url                      = {http://doi.acm.org/10.1145/2597073.2597128}
}

@InProceedings{le_compiler_2014,
  Title                    = {Compiler {Validation} via {Equivalence} {Modulo} {Inputs}},
  Author                   = {Le, Vu and Afshari, Mehrdad and Su, Zhendong},
  Booktitle                = {Proceedings of the 35th {ACM} {SIGPLAN} {Conference} on {Programming} {Language} {Design} and {Implementation}},
  Year                     = {2014},

  Address                  = {New York, NY, USA},
  Pages                    = {216--226},
  Publisher                = {ACM},
  Series                   = {{PLDI} '14},

  Doi                      = {10.1145/2594291.2594334},
  ISBN                     = {978-1-4503-2784-8},
  Keywords                 = {automated testing, compiler testing, equivalent program variants, miscompilation},
  Url                      = {http://doi.acm.org/10.1145/2594291.2594334}
}

@Article{le_compiler_2014-1,
  Title                    = {Compiler {Validation} via {Equivalence} {Modulo} {Inputs}},
  Author                   = {Le, Vu and Afshari, Mehrdad and Su, Zhendong},
  Journal                  = {SIGPLAN Not.},
  Year                     = {2014},

  Month                    = jun,
  Number                   = {6},
  Pages                    = {216--226},
  Volume                   = {49},

  Doi                      = {10.1145/2666356.2594334},
  ISSN                     = {0362-1340},
  Keywords                 = {automated testing, compiler testing, equivalent program variants, miscompilation},
  Url                      = {http://doi.acm.org/10.1145/2666356.2594334}
}

@InProceedings{le_randomized_2015,
  Title                    = {Randomized {Stress}-testing of {Link}-time {Optimizers}},
  Author                   = {Le, Vu and Sun, Chengnian and Su, Zhendong},
  Booktitle                = {Proceedings of the 2015 {International} {Symposium} on {Software} {Testing} and {Analysis}},
  Year                     = {2015},

  Address                  = {New York, NY, USA},
  Pages                    = {327--337},
  Publisher                = {ACM},
  Series                   = {{ISSTA} 2015},

  Doi                      = {10.1145/2771783.2771785},
  ISBN                     = {978-1-4503-3620-8},
  Keywords                 = {automated testing, compiler testing, link-time optimizer},
  Url                      = {http://doi.acm.org/10.1145/2771783.2771785}
}

@InProceedings{lessel_towards_2015,
  Title                    = {Towards a {Novel} {Issue} {Tracking} {System} for "{Industry} 4.0" {Environments}},
  Author                   = {Lessel, Pascal and Müller, Marc and Krüger, Antonio},
  Booktitle                = {Proceedings of the 33rd {Annual} {ACM} {Conference} {Extended} {Abstracts} on {Human} {Factors} in {Computing} {Systems}},
  Year                     = {2015},

  Address                  = {New York, NY, USA},
  Pages                    = {1809--1814},
  Publisher                = {ACM},
  Series                   = {{CHI} {EA} '15},

  Doi                      = {10.1145/2702613.2732720},
  ISBN                     = {978-1-4503-3146-3},
  Keywords                 = {CSCW, digitalization, industry 4.0, issue tracking},
  Url                      = {http://doi.acm.org/10.1145/2702613.2732720}
}

@InProceedings{liu_has_2012,
  Title                    = {Has {This} {Bug} {Been} {Reported}?},
  Author                   = {Liu, Kaiping and Tan, Hee Beng Kuan and Chandramohan, Mahinthan},
  Booktitle                = {Proceedings of the {ACM} {SIGSOFT} 20th {International} {Symposium} on the {Foundations} of {Software} {Engineering}},
  Year                     = {2012},

  Address                  = {New York, NY, USA},
  Pages                    = {28:1--28:4},
  Publisher                = {ACM},
  Series                   = {{FSE} '12},

  Doi                      = {10.1145/2393596.2393628},
  ISBN                     = {978-1-4503-1614-9},
  Keywords                 = {bug report, bug tracking system, duplicate, learning to rank, search engine, search quality},
  Url                      = {http://doi.acm.org/10.1145/2393596.2393628}
}

@InProceedings{lucia_active_2012,
  Title                    = {Active {Refinement} of {Clone} {Anomaly} {Reports}},
  Author                   = {{Lucia} and Lo, David and Jiang, Lingxiao and Budi, Aditya},
  Booktitle                = {Proceedings of the 34th {International} {Conference} on {Software} {Engineering}},
  Year                     = {2012},

  Address                  = {Piscataway, NJ, USA},
  Pages                    = {397--407},
  Publisher                = {IEEE Press},
  Series                   = {{ICSE} '12},

  ISBN                     = {978-1-4673-1067-3},
  Url                      = {http://dl.acm.org/citation.cfm?id=2337223.2337270}
}

@InProceedings{mani_ausum:_2012,
  Title                    = {{AUSUM}: {Approach} for {Unsupervised} {Bug} {Report} {Summarization}},
  Author                   = {Mani, Senthil and Catherine, Rose and Sinha, Vibha Singhal and Dubey, Avinava},
  Booktitle                = {Proceedings of the {ACM} {SIGSOFT} 20th {International} {Symposium} on the {Foundations} of {Software} {Engineering}},
  Year                     = {2012},

  Address                  = {New York, NY, USA},
  Pages                    = {11:1--11:11},
  Publisher                = {ACM},
  Series                   = {{FSE} '12},

  Doi                      = {10.1145/2393596.2393607},
  ISBN                     = {978-1-4503-1614-9},
  Keywords                 = {bug report, summarization, unsupervised},
  Url                      = {http://doi.acm.org/10.1145/2393596.2393607}
}

@InProceedings{van_der_merwe_ease_2013,
  Title                    = {Ease of {Use} and {Usefulness} of {Webinars} in an {Open} {Distance} {Learning} {Environment}: {An} {Activity} {Theory} {Perspective}},
  Author                   = {van der Merwe, T. M. and van Heerden, M. E.},
  Booktitle                = {Proceedings of the {South} {African} {Institute} for {Computer} {Scientists} and {Information} {Technologists} {Conference}},
  Year                     = {2013},

  Address                  = {New York, NY, USA},
  Pages                    = {262--270},
  Publisher                = {ACM},
  Series                   = {{SAICSIT} '13},

  Doi                      = {10.1145/2513456.2513481},
  ISBN                     = {978-1-4503-2112-9},
  Keywords                 = {activity theory, ease of use, open distance learning, usefulness, webinars},
  Url                      = {http://doi.acm.org/10.1145/2513456.2513481}
}

@InProceedings{michail_helping_2005,
  Title                    = {Helping {Users} {Avoid} {Bugs} in {GUI} {Applications}},
  Author                   = {Michail, Amir and Xie, Tao},
  Booktitle                = {Proceedings of the 27th {International} {Conference} on {Software} {Engineering}},
  Year                     = {2005},

  Address                  = {New York, NY, USA},
  Pages                    = {107--116},
  Publisher                = {ACM},
  Series                   = {{ICSE} '05},

  Doi                      = {10.1145/1062455.1062490},
  ISBN                     = {1-58113-963-2},
  Keywords                 = {bug prediction, bug tracking system, fault evasion, gui applications, software testing, software tools},
  Url                      = {http://doi.acm.org/10.1145/1062455.1062490}
}

@InProceedings{mittal_process_2014,
  Title                    = {Process {Mining} {Software} {Repositories} from {Student} {Projects} in an {Undergraduate} {Software} {Engineering} {Course}},
  Author                   = {Mittal, Megha and Sureka, Ashish},
  Booktitle                = {Companion {Proceedings} of the 36th {International} {Conference} on {Software} {Engineering}},
  Year                     = {2014},

  Address                  = {New York, NY, USA},
  Pages                    = {344--353},
  Publisher                = {ACM},
  Series                   = {{ICSE} {Companion} 2014},

  Doi                      = {10.1145/2591062.2591152},
  ISBN                     = {978-1-4503-2768-8},
  Keywords                 = {Education Data Mining, Learning Analytic, mining software repositories, process mining, Software Engineering Education},
  Url                      = {http://doi.acm.org/10.1145/2591062.2591152}
}

@InProceedings{mockus_risky_2013,
  Title                    = {Risky {Files}: {An} {Approach} to {Focus} {Quality} {Improvement} {Effort}},
  Author                   = {Mockus, Audris and Hackbarth, Randy and Palframan, John},
  Booktitle                = {Proceedings of the 2013 9th {Joint} {Meeting} on {Foundations} of {Software} {Engineering}},
  Year                     = {2013},

  Address                  = {New York, NY, USA},
  Pages                    = {691--694},
  Publisher                = {ACM},
  Series                   = {{ESEC}/{FSE} 2013},

  Doi                      = {10.1145/2491411.2494572},
  ISBN                     = {978-1-4503-2237-9},
  Keywords                 = {defect prevention, defect tracking, risky file analysis, Software quality assurance (SQA), version control},
  Url                      = {http://doi.acm.org/10.1145/2491411.2494572}
}

@InProceedings{monperrus_detecting_2010,
  Title                    = {Detecting {Missing} {Method} {Calls} in {Object}-oriented {Software}},
  Author                   = {Monperrus, Martin and Bruch, Marcel and Mezini, Mira},
  Booktitle                = {Proceedings of the 24th {European} {Conference} on {Object}-oriented {Programming}},
  Year                     = {2010},

  Address                  = {Berlin, Heidelberg},
  Pages                    = {2--25},
  Publisher                = {Springer-Verlag},
  Series                   = {{ECOOP}'10},

  ISBN                     = {3-642-14106-4 978-3-642-14106-5},
  Url                      = {http://dl.acm.org/citation.cfm?id=1883978.1883982}
}

@Article{monperrus_detecting_2013,
  Title                    = {Detecting {Missing} {Method} {Calls} {As} {Violations} of the {Majority} {Rule}},
  Author                   = {Monperrus, Martin and Mezini, Mira},
  Journal                  = {ACM Trans. Softw. Eng. Methodol.},
  Year                     = {2013},

  Month                    = mar,
  Number                   = {1},
  Pages                    = {7:1--7:25},
  Volume                   = {22},

  Doi                      = {10.1145/2430536.2430541},
  ISSN                     = {1049-331X},
  Keywords                 = {Bugdetection, data mining, static analysis},
  Url                      = {http://doi.acm.org/10.1145/2430536.2430541}
}

@InProceedings{muntean_context-sensitive_2014,
  Title                    = {Context-sensitive {Detection} of {Information} {Exposure} {Bugs} with {Symbolic} {Execution}},
  Author                   = {Muntean, Paul and Eckert, Claudia and Ibing, Andreas},
  Booktitle                = {Proceedings of the {International} {Workshop} on {Innovative} {Software} {Development} {Methodologies} and {Practices}},
  Year                     = {2014},

  Address                  = {New York, NY, USA},
  Pages                    = {84--93},
  Publisher                = {ACM},
  Series                   = {{InnoSWDev} 2014},

  Doi                      = {10.1145/2666581.2666591},
  ISBN                     = {978-1-4503-3226-2},
  Keywords                 = {information-flow, integrated development environment, Software bugs, software testing, static taint analysis},
  Url                      = {http://doi.acm.org/10.1145/2666581.2666591}
}

@InProceedings{murgia_machine_2010,
  Title                    = {A {Machine} {Learning} {Approach} for {Text} {Categorization} of {Fixing}-issue {Commits} on {CVS}},
  Author                   = {Murgia, Alessandro and Concas, Giulio and Marchesi, Michele and Tonelli, Roberto},
  Booktitle                = {Proceedings of the 2010 {ACM}-{IEEE} {International} {Symposium} on {Empirical} {Software} {Engineering} and {Measurement}},
  Year                     = {2010},

  Address                  = {New York, NY, USA},
  Pages                    = {6:1--6:10},
  Publisher                = {ACM},
  Series                   = {{ESEM} '10},

  Doi                      = {10.1145/1852786.1852794},
  ISBN                     = {978-1-4503-0039-1},
  Keywords                 = {classifier, data mining, machine learning},
  Url                      = {http://doi.acm.org/10.1145/1852786.1852794}
}

@InProceedings{murgia_developers_2014,
  Title                    = {Do {Developers} {Feel} {Emotions}? {An} {Exploratory} {Analysis} of {Emotions} in {Software} {Artifacts}},
  Author                   = {Murgia, Alessandro and Tourani, Parastou and Adams, Bram and Ortu, Marco},
  Booktitle                = {Proceedings of the 11th {Working} {Conference} on {Mining} {Software} {Repositories}},
  Year                     = {2014},

  Address                  = {New York, NY, USA},
  Pages                    = {262--271},
  Publisher                = {ACM},
  Series                   = {{MSR} 2014},

  Doi                      = {10.1145/2597073.2597086},
  ISBN                     = {978-1-4503-2863-0},
  Keywords                 = {Emotion Mining, Empirical Software Engineer- ing, Issue Report},
  Url                      = {http://doi.acm.org/10.1145/2597073.2597086}
}

@Article{murray_implementing_2012,
  Title                    = {Implementing a {Software} {Development} {Production} {Environment} for {Student} {Use}: {Advantages} and {Challenges}},
  Author                   = {Murray, Meg},
  Journal                  = {J. Comput. Sci. Coll.},
  Year                     = {2012},

  Month                    = dec,
  Number                   = {2},
  Pages                    = {225--231},
  Volume                   = {28},

  ISSN                     = {1937-4771},
  Url                      = {http://dl.acm.org/citation.cfm?id=2382887.2382922}
}

@InProceedings{nichols_augmented_2010,
  Title                    = {Augmented {Bug} {Localization} {Using} {Past} {Bug} {Information}},
  Author                   = {Nichols, Brent D.},
  Booktitle                = {Proceedings of the 48th {Annual} {Southeast} {Regional} {Conference}},
  Year                     = {2010},

  Address                  = {New York, NY, USA},
  Pages                    = {61:1--61:6},
  Publisher                = {ACM},
  Series                   = {{ACM} {SE} '10},

  Doi                      = {10.1145/1900008.1900090},
  ISBN                     = {978-1-4503-0064-3},
  Keywords                 = {Bug localization, Bugs, LSI, patch},
  Url                      = {http://doi.acm.org/10.1145/1900008.1900090}
}

@InProceedings{nistor_toddler:_2013,
  Title                    = {Toddler: {Detecting} {Performance} {Problems} via {Similar} {Memory}-access {Patterns}},
  Author                   = {Nistor, Adrian and Song, Linhai and Marinov, Darko and Lu, Shan},
  Booktitle                = {Proceedings of the 2013 {International} {Conference} on {Software} {Engineering}},
  Year                     = {2013},

  Address                  = {Piscataway, NJ, USA},
  Pages                    = {562--571},
  Publisher                = {IEEE Press},
  Series                   = {{ICSE} '13},

  ISBN                     = {978-1-4673-3076-3},
  Url                      = {http://dl.acm.org/citation.cfm?id=2486788.2486862}
}

@InProceedings{ocariza_vejovis:_2014,
  Title                    = {Vejovis: {Suggesting} {Fixes} for {JavaScript} {Faults}},
  Author                   = {Ocariza, Jr., Frolin S. and Pattabiraman, Karthik and Mesbah, Ali},
  Booktitle                = {Proceedings of the 36th {International} {Conference} on {Software} {Engineering}},
  Year                     = {2014},

  Address                  = {New York, NY, USA},
  Pages                    = {837--847},
  Publisher                = {ACM},
  Series                   = {{ICSE} 2014},

  Doi                      = {10.1145/2568225.2568257},
  ISBN                     = {978-1-4503-2756-5},
  Keywords                 = {Document Object Model (DOM), fault repair, JavaScript},
  Url                      = {http://doi.acm.org/10.1145/2568225.2568257}
}

@InProceedings{ohira_accelerating_2005,
  Title                    = {Accelerating {Cross}-project {Knowledge} {Collaboration} {Using} {Collaborative} {Filtering} and {Social} {Networks}},
  Author                   = {Ohira, Masao and Ohsugi, Naoki and Ohoka, Tetsuya and Matsumoto, Ken-ichi},
  Booktitle                = {Proceedings of the 2005 {International} {Workshop} on {Mining} {Software} {Repositories}},
  Year                     = {2005},

  Address                  = {New York, NY, USA},
  Pages                    = {1--5},
  Publisher                = {ACM},
  Series                   = {{MSR} '05},

  Doi                      = {10.1145/1082983.1083163},
  ISBN                     = {1-59593-123-6},
  Keywords                 = {collaborative filtering, knowledge collaboration, social networks, visualization tool},
  Url                      = {http://doi.acm.org/10.1145/1082983.1083163}
}

@Article{ohira_accelerating_2005-1,
  Title                    = {Accelerating {Cross}-project {Knowledge} {Collaboration} {Using} {Collaborative} {Filtering} and {Social} {Networks}},
  Author                   = {Ohira, Masao and Ohsugi, Naoki and Ohoka, Tetsuya and Matsumoto, Ken-ichi},
  Journal                  = {SIGSOFT Softw. Eng. Notes},
  Year                     = {2005},

  Month                    = may,
  Number                   = {4},
  Pages                    = {1--5},
  Volume                   = {30},

  Doi                      = {10.1145/1082983.1083163},
  ISSN                     = {0163-5948},
  Keywords                 = {collaborative filtering, knowledge collaboration, social networks, visualization tool},
  Url                      = {http://doi.acm.org/10.1145/1082983.1083163}
}

@InProceedings{ortu_jira_2015,
  Title                    = {The {JIRA} {Repository} {Dataset}: {Understanding} {Social} {Aspects} of {Software} {Development}},
  Author                   = {Ortu, Marco and Destefanis, Giuseppe and Adams, Bram and Murgia, Alessandro and Marchesi, Michele and Tonelli, Roberto},
  Booktitle                = {Proceedings of the 11th {International} {Conference} on {Predictive} {Models} and {Data} {Analytics} in {Software} {Engineering}},
  Year                     = {2015},

  Address                  = {New York, NY, USA},
  Pages                    = {1:1--1:4},
  Publisher                = {ACM},
  Series                   = {{PROMISE} '15},

  Doi                      = {10.1145/2810146.2810147},
  ISBN                     = {978-1-4503-3715-1},
  Keywords                 = {Affective Analysis, Issue Report, Mining software repository},
  Url                      = {http://doi.acm.org/10.1145/2810146.2810147}
}

@InProceedings{palix_tracking_2010,
  Title                    = {Tracking {Code} {Patterns} over {Multiple} {Software} {Versions} with {Herodotos}},
  Author                   = {Palix, Nicolas and Lawall, Julia and Muller, Gilles},
  Booktitle                = {Proceedings of the 9th {International} {Conference} on {Aspect}-{Oriented} {Software} {Development}},
  Year                     = {2010},

  Address                  = {New York, NY, USA},
  Pages                    = {169--180},
  Publisher                = {ACM},
  Series                   = {{AOSD} '10},

  Doi                      = {10.1145/1739230.1739250},
  ISBN                     = {978-1-60558-958-9},
  Keywords                 = {bug tracking, Herodotos, history of pattern occurrences},
  Url                      = {http://doi.acm.org/10.1145/1739230.1739250}
}

@InProceedings{pathak_bootstrapping_2011,
  Title                    = {Bootstrapping {Energy} {Debugging} on {Smartphones}: {A} {First} {Look} at {Energy} {Bugs} in {Mobile} {Devices}},
  Author                   = {Pathak, Abhinav and Hu, Y. Charlie and Zhang, Ming},
  Booktitle                = {Proceedings of the 10th {ACM} {Workshop} on {Hot} {Topics} in {Networks}},
  Year                     = {2011},

  Address                  = {New York, NY, USA},
  Pages                    = {5:1--5:6},
  Publisher                = {ACM},
  Series                   = {{HotNets}-{X}},

  Doi                      = {10.1145/2070562.2070567},
  ISBN                     = {978-1-4503-1059-8},
  Keywords                 = {ebug, energy, energy bug},
  Url                      = {http://doi.acm.org/10.1145/2070562.2070567}
}

@InProceedings{pollock_1st_2013,
  Title                    = {1st {International} {Workshop} on {Natural} {Language} {Analysis} in {Software} {Engineering} ({NaturaLiSE} 2013)},
  Author                   = {Pollock, Lori and Binkley, David and Lawrie, Dawn and Hill, Emily and Oliveto, Rocco and Bavota, Gabriele and Bacchelli, Alberto},
  Booktitle                = {Proceedings of the 2013 {International} {Conference} on {Software} {Engineering}},
  Year                     = {2013},

  Address                  = {Piscataway, NJ, USA},
  Pages                    = {1537--1538},
  Publisher                = {IEEE Press},
  Series                   = {{ICSE} '13},

  ISBN                     = {978-1-4673-3076-3},
  Url                      = {http://dl.acm.org/citation.cfm?id=2486788.2487072}
}

@InProceedings{ponzanelli_holistic_2014,
  Title                    = {Holistic {Recommender} {Systems} for {Software} {Engineering}},
  Author                   = {Ponzanelli, Luca},
  Booktitle                = {Companion {Proceedings} of the 36th {International} {Conference} on {Software} {Engineering}},
  Year                     = {2014},

  Address                  = {New York, NY, USA},
  Pages                    = {686--689},
  Publisher                = {ACM},
  Series                   = {{ICSE} {Companion} 2014},

  Doi                      = {10.1145/2591062.2591081},
  ISBN                     = {978-1-4503-2768-8},
  Keywords                 = {Developer Support, Recommender Systems},
  Url                      = {http://doi.acm.org/10.1145/2591062.2591081}
}

@InProceedings{prifti_detecting_2011,
  Title                    = {Detecting {Bug} {Duplicate} {Reports} {Through} {Local} {References}},
  Author                   = {Prifti, Tomi and Banerjee, Sean and Cukic, Bojan},
  Booktitle                = {Proceedings of the 7th {International} {Conference} on {Predictive} {Models} in {Software} {Engineering}},
  Year                     = {2011},

  Address                  = {New York, NY, USA},
  Pages                    = {8:1--8:9},
  Publisher                = {ACM},
  Series                   = {Promise '11},

  Doi                      = {10.1145/2020390.2020398},
  ISBN                     = {978-1-4503-0709-3},
  Keywords                 = {bug tacking systems, duplicate bug reports, software maintenance, software quality},
  Url                      = {http://doi.acm.org/10.1145/2020390.2020398}
}

@InProceedings{rao_retrieval_2011,
  Title                    = {Retrieval from {Software} {Libraries} for {Bug} {Localization}: {A} {Comparative} {Study} of {Generic} and {Composite} {Text} {Models}},
  Author                   = {Rao, Shivani and Kak, Avinash},
  Booktitle                = {Proceedings of the 8th {Working} {Conference} on {Mining} {Software} {Repositories}},
  Year                     = {2011},

  Address                  = {New York, NY, USA},
  Pages                    = {43--52},
  Publisher                = {ACM},
  Series                   = {{MSR} '11},

  Doi                      = {10.1145/1985441.1985451},
  ISBN                     = {978-1-4503-0574-7},
  Keywords                 = {Bug localization, information retrieval, Latent Dirichlet Allocation, latent semantic analysis, software engineering},
  Url                      = {http://doi.acm.org/10.1145/1985441.1985451}
}

@InProceedings{rastkar_why_2013,
  Title                    = {Why {Did} {This} {Code} {Change}?},
  Author                   = {Rastkar, Sarah and Murphy, Gail C.},
  Booktitle                = {Proceedings of the 2013 {International} {Conference} on {Software} {Engineering}},
  Year                     = {2013},

  Address                  = {Piscataway, NJ, USA},
  Pages                    = {1193--1196},
  Publisher                = {IEEE Press},
  Series                   = {{ICSE} '13},

  ISBN                     = {978-1-4673-3076-3},
  Url                      = {http://dl.acm.org/citation.cfm?id=2486788.2486959}
}

@InProceedings{rastkar_summarizing_2010,
  Title                    = {Summarizing {Software} {Artifacts}: {A} {Case} {Study} of {Bug} {Reports}},
  Author                   = {Rastkar, Sarah and Murphy, Gail C. and Murray, Gabriel},
  Booktitle                = {Proceedings of the 32Nd {ACM}/{IEEE} {International} {Conference} on {Software} {Engineering} - {Volume} 1},
  Year                     = {2010},

  Address                  = {New York, NY, USA},
  Pages                    = {505--514},
  Publisher                = {ACM},
  Series                   = {{ICSE} '10},

  Doi                      = {10.1145/1806799.1806872},
  ISBN                     = {978-1-60558-719-6},
  Keywords                 = {human-centric software engineering, machine learning},
  Url                      = {http://doi.acm.org/10.1145/1806799.1806872}
}

@InProceedings{rastogi_samiksha:_2013,
  Title                    = {Samiksha: {Mining} {Issue} {Tracking} {System} for {Contribution} and {Performance} {Assessment}},
  Author                   = {Rastogi, Ayushi and Gupta, Arpit and Sureka, Ashish},
  Booktitle                = {Proceedings of the 6th {India} {Software} {Engineering} {Conference}},
  Year                     = {2013},

  Address                  = {New York, NY, USA},
  Pages                    = {13--22},
  Publisher                = {ACM},
  Series                   = {{ISEC} '13},

  Doi                      = {10.1145/2442754.2442757},
  ISBN                     = {978-1-4503-1987-4},
  Keywords                 = {developer contribution assessment, issue tracking system, mining software repositories, software maintenance},
  Url                      = {http://doi.acm.org/10.1145/2442754.2442757}
}

@InProceedings{rastogi_samikshaviz:_2014,
  Title                    = {{SamikshaViz}: {A} {Panoramic} {View} to {Measure} {Contribution} and {Performance} of {Software} {Maintenance} {Professionals} by {Mining} {Bug} {Archives}},
  Author                   = {Rastogi, Ayushi and Sureka, Ashish},
  Booktitle                = {Proceedings of the 7th {India} {Software} {Engineering} {Conference}},
  Year                     = {2014},

  Address                  = {New York, NY, USA},
  Pages                    = {2:1--2:10},
  Publisher                = {ACM},
  Series                   = {{ISEC} '14},

  Doi                      = {10.1145/2590748.2590750},
  ISBN                     = {978-1-4503-2776-3},
  Keywords                 = {contribution and performance assessment metrics, issue tracking system, mining bug archives, software maintenance, visualization},
  Url                      = {http://doi.acm.org/10.1145/2590748.2590750}
}

@Article{regehr_test-case_2012,
  Title                    = {Test-case {Reduction} for {C} {Compiler} {Bugs}},
  Author                   = {Regehr, John and Chen, Yang and Cuoq, Pascal and Eide, Eric and Ellison, Chucky and Yang, Xuejun},
  Journal                  = {SIGPLAN Not.},
  Year                     = {2012},

  Month                    = jun,
  Number                   = {6},
  Pages                    = {335--346},
  Volume                   = {47},

  Doi                      = {10.1145/2345156.2254104},
  ISSN                     = {0362-1340},
  Keywords                 = {automated testing, bug reporting, compiler defect, compiler testing, random testing, test-case minimization},
  Url                      = {http://doi.acm.org/10.1145/2345156.2254104}
}

@InProceedings{regehr_test-case_2012-1,
  Title                    = {Test-case {Reduction} for {C} {Compiler} {Bugs}},
  Author                   = {Regehr, John and Chen, Yang and Cuoq, Pascal and Eide, Eric and Ellison, Chucky and Yang, Xuejun},
  Booktitle                = {Proceedings of the 33rd {ACM} {SIGPLAN} {Conference} on {Programming} {Language} {Design} and {Implementation}},
  Year                     = {2012},

  Address                  = {New York, NY, USA},
  Pages                    = {335--346},
  Publisher                = {ACM},
  Series                   = {{PLDI} '12},

  Doi                      = {10.1145/2254064.2254104},
  ISBN                     = {978-1-4503-1205-9},
  Keywords                 = {automated testing, bug reporting, compiler defect, compiler testing, random testing, test-case minimization},
  Url                      = {http://doi.acm.org/10.1145/2254064.2254104}
}

@Article{reid_drproject:_2007,
  Title                    = {{DrProject}: {A} {Software} {Project} {Management} {Portal} to {Meet} {Educational} {Needs}},
  Author                   = {Reid, Karen L. and Wilson, Gregory V.},
  Journal                  = {SIGCSE Bull.},
  Year                     = {2007},

  Month                    = mar,
  Number                   = {1},
  Pages                    = {317--321},
  Volume                   = {39},

  Doi                      = {10.1145/1227504.1227421},
  ISSN                     = {0097-8418},
  Keywords                 = {courseware, education, software engineering, software tools},
  Url                      = {http://doi.acm.org/10.1145/1227504.1227421}
}

@InProceedings{reid_drproject:_2007-1,
  Title                    = {{DrProject}: {A} {Software} {Project} {Management} {Portal} to {Meet} {Educational} {Needs}},
  Author                   = {Reid, Karen L. and Wilson, Gregory V.},
  Booktitle                = {Proceedings of the 38th {SIGCSE} {Technical} {Symposium} on {Computer} {Science} {Education}},
  Year                     = {2007},

  Address                  = {New York, NY, USA},
  Pages                    = {317--321},
  Publisher                = {ACM},
  Series                   = {{SIGCSE} '07},

  Doi                      = {10.1145/1227310.1227421},
  ISBN                     = {1-59593-361-1},
  Keywords                 = {courseware, education, software engineering, software tools},
  Url                      = {http://doi.acm.org/10.1145/1227310.1227421}
}

@Article{robles_floss_2014,
  Title                    = {{FLOSS} {Research} {Track} at the 10th {International} {Symposium} on {Open} {Collaboration} ({OpenSym} 2014)},
  Author                   = {Robles, Gregorio and González-Barahona, Jesús M. and Riehle, Dirk},
  Journal                  = {SIGSOFT Softw. Eng. Notes},
  Year                     = {2014},

  Month                    = dec,
  Number                   = {6},
  Pages                    = {26--27},
  Volume                   = {39},

  Doi                      = {10.1145/2674632.2674648},
  ISSN                     = {0163-5948},
  Url                      = {http://doi.acm.org/10.1145/2674632.2674648}
}

@InProceedings{roehm_reproducing_2014,
  Title                    = {Reproducing {Software} {Failures} by {Exploiting} the {Action} {History} of {Undo} {Features}},
  Author                   = {Roehm, Tobias and Bruegge, Bernd},
  Booktitle                = {Companion {Proceedings} of the 36th {International} {Conference} on {Software} {Engineering}},
  Year                     = {2014},

  Address                  = {New York, NY, USA},
  Pages                    = {496--499},
  Publisher                = {ACM},
  Series                   = {{ICSE} {Companion} 2014},

  Doi                      = {10.1145/2591062.2591101},
  ISBN                     = {978-1-4503-2768-8},
  Keywords                 = {Action history of undo feature, Bug fixing, Fail- ure reproduction, software maintenance, Steps to reproduce, Undo, User monitoring},
  Url                      = {http://doi.acm.org/10.1145/2591062.2591101}
}

@InProceedings{romo_towards_2015,
  Title                    = {Towards an {Automation} of the {Traceability} of {Bugs} from {Development} {Logs}: {A} {Study} {Based} on {Open} {Source} {Software}},
  Author                   = {Romo, Bilyaminu Auwal and Capiluppi, Andrea},
  Booktitle                = {Proceedings of the 19th {International} {Conference} on {Evaluation} and {Assessment} in {Software} {Engineering}},
  Year                     = {2015},

  Address                  = {New York, NY, USA},
  Pages                    = {33:1--33:6},
  Publisher                = {ACM},
  Series                   = {{EASE} '15},

  Doi                      = {10.1145/2745802.2745833},
  ISBN                     = {978-1-4503-3350-4},
  Keywords                 = {bug accuracy, bug-fixing commits, Bug traceability},
  Url                      = {http://doi.acm.org/10.1145/2745802.2745833}
}

@InProceedings{romo_filling_2014,
  Title                    = {Filling the {Gaps} of {Development} {Logs} and {Bug} {Issue} {Data}},
  Author                   = {Romo, Bilyaminu Auwal and Capiluppi, Andrea and Hall, Tracy},
  Booktitle                = {Proceedings of {The} {International} {Symposium} on {Open} {Collaboration}},
  Year                     = {2014},

  Address                  = {New York, NY, USA},
  Pages                    = {8:1--8:4},
  Publisher                = {ACM},
  Series                   = {{OpenSym} '14},

  Doi                      = {10.1145/2641580.2641592},
  ISBN                     = {978-1-4503-3016-9},
  Keywords                 = {bug-fixing commits, Bug traceability},
  Url                      = {http://doi.acm.org/10.1145/2641580.2641592}
}

@InProceedings{rowe_state_1981,
  Title                    = {State of the {Art} {Issues} in {Distributed} {Databases} ({Panel} {Session}): {Form}-{Flow} {Application} {Development}},
  Author                   = {Rowe, L.},
  Booktitle                = {Proceedings of the {ACM} '81 {Conference}},
  Year                     = {1981},

  Address                  = {New York, NY, USA},
  Pages                    = {281--282},
  Publisher                = {ACM},
  Series                   = {{ACM} '81},

  Doi                      = {10.1145/800175.809899},
  ISBN                     = {0-89791-049-4},
  Url                      = {http://doi.acm.org/10.1145/800175.809899}
}

@InProceedings{ruohonen_software_2015,
  Title                    = {Software {Evolution} and {Time} {Series} {Volatility}: {An} {Empirical} {Exploration}},
  Author                   = {Ruohonen, Jukka and Hyrynsalmi, Sami and Leppänen, Ville},
  Booktitle                = {Proceedings of the 14th {International} {Workshop} on {Principles} of {Software} {Evolution}},
  Year                     = {2015},

  Address                  = {New York, NY, USA},
  Pages                    = {56--65},
  Publisher                = {ACM},
  Series                   = {{IWPSE} 2015},

  Doi                      = {10.1145/2804360.2804367},
  ISBN                     = {978-1-4503-3816-5},
  Keywords                 = {ARIMA, code churn, conditional variance, FreeBSD, GARCH, Software evolution, time series analysis, volatility},
  Url                      = {http://doi.acm.org/10.1145/2804360.2804367}
}

@InProceedings{saha_are_2015,
  Title                    = {Are {These} {Bugs} {Really} "{Normal}"?},
  Author                   = {Saha, Ripon K. and Lawall, Julia and Khurshid, Sarfraz and Perry, Dewayne E.},
  Booktitle                = {Proceedings of the 12th {Working} {Conference} on {Mining} {Software} {Repositories}},
  Year                     = {2015},

  Address                  = {Piscataway, NJ, USA},
  Pages                    = {258--268},
  Publisher                = {IEEE Press},
  Series                   = {{MSR} '15},

  Keywords                 = {bug severity, bug tracking system, mining software repositories},
  Url                      = {http://dl.acm.org/citation.cfm?id=2820518.2820550}
}

@InProceedings{sahoo_empirical_2010,
  Title                    = {An {Empirical} {Study} of {Reported} {Bugs} in {Server} {Software} with {Implications} for {Automated} {Bug} {Diagnosis}},
  Author                   = {Sahoo, Swarup Kumar and Criswell, John and Adve, Vikram},
  Booktitle                = {Proceedings of the 32Nd {ACM}/{IEEE} {International} {Conference} on {Software} {Engineering} - {Volume} 1},
  Year                     = {2010},

  Address                  = {New York, NY, USA},
  Pages                    = {485--494},
  Publisher                = {ACM},
  Series                   = {{ICSE} '10},

  Doi                      = {10.1145/1806799.1806870},
  ISBN                     = {978-1-60558-719-6},
  Keywords                 = {bug characteristics, bug reports, network servers, testing},
  Url                      = {http://doi.acm.org/10.1145/1806799.1806870}
}

@InProceedings{sanchez_drupal_2013,
  Title                    = {The {Drupal} {Framework}: {A} {Case} {Study} to {Evaluate} {Variability} {Testing} {Techniques}},
  Author                   = {Sánchez, Ana B. and Segura, Sergio and Ruiz-Cortés, Antonio},
  Booktitle                = {Proceedings of the {Eighth} {International} {Workshop} on {Variability} {Modelling} of {Software}-{Intensive} {Systems}},
  Year                     = {2013},

  Address                  = {New York, NY, USA},
  Pages                    = {11:1--11:8},
  Publisher                = {ACM},
  Series                   = {{VaMoS} '14},

  Doi                      = {10.1145/2556624.2556638},
  ISBN                     = {978-1-4503-2556-1},
  Keywords                 = {automated testing, feature model, test case prioritization, test case selection, testing, variability},
  Url                      = {http://doi.acm.org/10.1145/2556624.2556638}
}

@InProceedings{servant_whosefault:_2012,
  Title                    = {{WhoseFault}: {Automatic} {Developer}-to-fault {Assignment} {Through} {Fault} {Localization}},
  Author                   = {Servant, Francisco and Jones, James A.},
  Booktitle                = {Proceedings of the 34th {International} {Conference} on {Software} {Engineering}},
  Year                     = {2012},

  Address                  = {Piscataway, NJ, USA},
  Pages                    = {36--46},
  Publisher                = {IEEE Press},
  Series                   = {{ICSE} '12},

  ISBN                     = {978-1-4673-1067-3},
  Url                      = {http://dl.acm.org/citation.cfm?id=2337223.2337228}
}

@InProceedings{sharma_understanding_2013,
  Title                    = {Understanding the {Meaning} of {Bug} {Attributes} and {Prediction} {Models}},
  Author                   = {Sharma, Meera and Kumari, Madhu and Singh, V. B.},
  Booktitle                = {Proceedings of the 5th {IBM} {Collaborative} {Academia} {Research} {Exchange} {Workshop}},
  Year                     = {2013},

  Address                  = {New York, NY, USA},
  Pages                    = {15:1--15:4},
  Publisher                = {ACM},
  Series                   = {I-{CARE} '13},

  Doi                      = {10.1145/2528228.2528244},
  ISBN                     = {978-1-4503-2320-8},
  Keywords                 = {cc list, fuzzy linear regression, multiple linear regression, Open source software, prediction model, support vector regression, testing},
  Url                      = {http://doi.acm.org/10.1145/2528228.2528244}
}

@InProceedings{shepherd_using_2007,
  Title                    = {Using {Natural} {Language} {Program} {Analysis} to {Locate} and {Understand} {Action}-oriented {Concerns}},
  Author                   = {Shepherd, David and Fry, Zachary P. and Hill, Emily and Pollock, Lori and Vijay-Shanker, K.},
  Booktitle                = {Proceedings of the 6th {International} {Conference} on {Aspect}-oriented {Software} {Development}},
  Year                     = {2007},

  Address                  = {New York, NY, USA},
  Pages                    = {212--224},
  Publisher                = {ACM},
  Series                   = {{AOSD} '07},

  Doi                      = {10.1145/1218563.1218587},
  ISBN                     = {1-59593-615-7},
  Keywords                 = {feature location, program analysis, remodularization, reverse engineering},
  Url                      = {http://doi.acm.org/10.1145/1218563.1218587}
}

@InProceedings{shihab_industrial_2012,
  Title                    = {An {Industrial} {Study} on the {Risk} of {Software} {Changes}},
  Author                   = {Shihab, Emad and Hassan, Ahmed E. and Adams, Bram and Jiang, Zhen Ming},
  Booktitle                = {Proceedings of the {ACM} {SIGSOFT} 20th {International} {Symposium} on the {Foundations} of {Software} {Engineering}},
  Year                     = {2012},

  Address                  = {New York, NY, USA},
  Pages                    = {62:1--62:11},
  Publisher                = {ACM},
  Series                   = {{FSE} '12},

  Doi                      = {10.1145/2393596.2393670},
  ISBN                     = {978-1-4503-1614-9},
  Keywords                 = {bug inducing changes, change metrics, change risk, Code Metrics},
  Url                      = {http://doi.acm.org/10.1145/2393596.2393670}
}

@InProceedings{shihab_mining_2012,
  Title                    = {Mining {Challenge} 2012: {The} {Android} {Platform}},
  Author                   = {Shihab, Emad and Kamei, Yasutaka and Bhattacharya, Pamela},
  Booktitle                = {Proceedings of the 9th {IEEE} {Working} {Conference} on {Mining} {Software} {Repositories}},
  Year                     = {2012},

  Address                  = {Piscataway, NJ, USA},
  Pages                    = {112--115},
  Publisher                = {IEEE Press},
  Series                   = {{MSR} '12},

  ISBN                     = {978-1-4673-1761-0},
  Keywords                 = {Android platform, mining software repositories, MSR challenge},
  Url                      = {http://dl.acm.org/citation.cfm?id=2664446.2664462}
}

@Article{singh_measuring_2010,
  Title                    = {Measuring {Reliability} {Growth} of {Software} by {Considering} {Fault} {Dependency}, {Debugging} {Time} {Lag} {Functions} and {Irregular} {Fluctuation}},
  Author                   = {Singh, V. B. and Kapur, P. K. and Tandon, Abhishek},
  Journal                  = {SIGSOFT Softw. Eng. Notes},
  Year                     = {2010},

  Month                    = may,
  Number                   = {3},
  Pages                    = {1--11},
  Volume                   = {35},

  Doi                      = {10.1145/1764810.1764831},
  ISSN                     = {0163-5948},
  Keywords                 = {defect density, fault dependency, open source software (OSS), stochastic differential equations (SDE)},
  Url                      = {http://doi.acm.org/10.1145/1764810.1764831}
}

@InProceedings{sinha_entering_2011,
  Title                    = {Entering the {Circle} of {Trust}: {Developer} {Initiation} {As} {Committers} in {Open}-source {Projects}},
  Author                   = {Sinha, Vibha Singhal and Mani, Senthil and Sinha, Saurabh},
  Booktitle                = {Proceedings of the 8th {Working} {Conference} on {Mining} {Software} {Repositories}},
  Year                     = {2011},

  Address                  = {New York, NY, USA},
  Pages                    = {133--142},
  Publisher                = {ACM},
  Series                   = {{MSR} '11},

  Doi                      = {10.1145/1985441.1985462},
  ISBN                     = {978-1-4503-0574-7},
  Keywords                 = {code committer, developer roles, mining bug repository, mining code repository, open-source software},
  Url                      = {http://doi.acm.org/10.1145/1985441.1985462}
}

@InProceedings{sinnett_osu_2004,
  Title                    = {{OSU} {Helpdesk}: {A} {Cost}-effective {Helpdesk} {Solution} for {Everyone}},
  Author                   = {Sinnett, Christian J. and Barr, Tammy},
  Booktitle                = {Proceedings of the 32Nd {Annual} {ACM} {SIGUCCS} {Conference} on {User} {Services}},
  Year                     = {2004},

  Address                  = {New York, NY, USA},
  Pages                    = {209--216},
  Publisher                = {ACM},
  Series                   = {{SIGUCCS} '04},

  Doi                      = {10.1145/1027802.1027851},
  ISBN                     = {1-58113-869-5},
  Keywords                 = {call tracking, helpdesk, inventory, knowledgebase, management tools, open source, scheduling, service level agreements, support tools},
  Url                      = {http://doi.acm.org/10.1145/1027802.1027851}
}

@InProceedings{somasundaram_automatic_2012,
  Title                    = {Automatic {Categorization} of {Bug} {Reports} {Using} {Latent} {Dirichlet} {Allocation}},
  Author                   = {Somasundaram, Kalyanasundaram and Murphy, Gail C.},
  Booktitle                = {Proceedings of the 5th {India} {Software} {Engineering} {Conference}},
  Year                     = {2012},

  Address                  = {New York, NY, USA},
  Pages                    = {125--130},
  Publisher                = {ACM},
  Series                   = {{ISEC} '12},

  Doi                      = {10.1145/2134254.2134276},
  ISBN                     = {978-1-4503-1142-7},
  Keywords                 = {component recommendation, recommendation system, software bug triage},
  Url                      = {http://doi.acm.org/10.1145/2134254.2134276}
}

@InProceedings{son_diglossia:_2013,
  Title                    = {Diglossia: {Detecting} {Code} {Injection} {Attacks} with {Precision} and {Efficiency}},
  Author                   = {Son, Sooel and McKinley, Kathryn S. and Shmatikov, Vitaly},
  Booktitle                = {Proceedings of the 2013 {ACM} {SIGSAC} {Conference} on {Computer} \&\#38; {Communications} {Security}},
  Year                     = {2013},

  Address                  = {New York, NY, USA},
  Pages                    = {1181--1192},
  Publisher                = {ACM},
  Series                   = {{CCS} '13},

  Doi                      = {10.1145/2508859.2516696},
  ISBN                     = {978-1-4503-2477-9},
  Keywords                 = {code injection, dynamic analysis, nosql injection, sql injection, taint tracking, web application security},
  Url                      = {http://doi.acm.org/10.1145/2508859.2516696}
}

@InProceedings{son_diglossia:_2013-1,
  Title                    = {Diglossia: detecting code injection attacks with precision and efficiency},
  Author                   = {Son, Sooel and McKinley, Kathryn S. and Shmatikov, Vitaly},
  Booktitle                = {Proceedings of the 2013 {ACM} {SIGSAC} conference on {Computer} \&\#38; communications security},
  Year                     = {2013},

  Address                  = {New York, NY, USA},
  Pages                    = {1181--1192},
  Publisher                = {ACM},
  Series                   = {{CCS} '13},

  Doi                      = {10.1145/2508859.2516696},
  ISBN                     = {978-1-4503-2477-9},
  Keywords                 = {code injection, dynamic analysis, nosql injection, sql injection, taint tracking, web application security},
  Url                      = {http://doi.acm.org/10.1145/2508859.2516696}
}

@InProceedings{song_jdf:_2010,
  Title                    = {{JDF}: {Detecting} {Duplicate} {Bug} {Reports} in {Jazz}},
  Author                   = {Song, Yoonki and Wang, Xiaoyin and Xie, Tao and Zhang, Lu and Mei, Hong},
  Booktitle                = {Proceedings of the 32Nd {ACM}/{IEEE} {International} {Conference} on {Software} {Engineering} - {Volume} 2},
  Year                     = {2010},

  Address                  = {New York, NY, USA},
  Pages                    = {315--316},
  Publisher                = {ACM},
  Series                   = {{ICSE} '10},

  Doi                      = {10.1145/1810295.1810368},
  ISBN                     = {978-1-60558-719-6},
  Keywords                 = {bug report, execution information, information retrieval},
  Url                      = {http://doi.acm.org/10.1145/1810295.1810368}
}

@InProceedings{spacco_tracking_2006,
  Title                    = {Tracking {Defect} {Warnings} {Across} {Versions}},
  Author                   = {Spacco, Jaime and Hovemeyer, David and Pugh, William},
  Booktitle                = {Proceedings of the 2006 {International} {Workshop} on {Mining} {Software} {Repositories}},
  Year                     = {2006},

  Address                  = {New York, NY, USA},
  Pages                    = {133--136},
  Publisher                = {ACM},
  Series                   = {{MSR} '06},

  Doi                      = {10.1145/1137983.1138014},
  ISBN                     = {1-59593-397-2},
  Keywords                 = {bug histories, bug tracking, FindBugs, Java, static analysis},
  Url                      = {http://doi.acm.org/10.1145/1137983.1138014}
}

@InProceedings{sridhara_naturalness_2015,
  Title                    = {Naturalness of {Natural} {Language} {Artifacts} in {Software}},
  Author                   = {Sridhara, Giriprasad and Sinha, Vibha Singhal and Mani, Senthil},
  Booktitle                = {Proceedings of the 8th {India} {Software} {Engineering} {Conference}},
  Year                     = {2015},

  Address                  = {New York, NY, USA},
  Pages                    = {156--165},
  Publisher                = {ACM},
  Series                   = {{ISEC} '15},

  Doi                      = {10.1145/2723742.2723758},
  ISBN                     = {978-1-4503-3432-7},
  Url                      = {http://doi.acm.org/10.1145/2723742.2723758}
}

@InProceedings{sripada_architecting_2016,
  Title                    = {Architecting an {Extensible} {Framework} for {Gamifying} {Software} {Engineering} {Concepts}},
  Author                   = {Sripada, Sai Krishna and Reddy, Y. Raghu and Khandelwal, Shivam},
  Booktitle                = {Proceedings of the 9th {India} {Software} {Engineering} {Conference}},
  Year                     = {2016},

  Address                  = {New York, NY, USA},
  Pages                    = {119--130},
  Publisher                = {ACM},
  Series                   = {{ISEC} '16},

  Doi                      = {10.1145/2856636.2856649},
  ISBN                     = {978-1-4503-4018-2},
  Keywords                 = {Architecture, Code review, Game Design Elements, Gamification, REST API, Services, Web Hooks},
  Url                      = {http://doi.acm.org/10.1145/2856636.2856649}
}

@InProceedings{storey_todo_2008,
  Title                    = {{TODO} or to {Bug}: {Exploring} {How} {Task} {Annotations} {Play} a {Role} in the {Work} {Practices} of {Software} {Developers}},
  Author                   = {Storey, Margaret-Anne and Ryall, Jody and Bull, R. Ian and Myers, Del and Singer, Janice},
  Booktitle                = {Proceedings of the 30th {International} {Conference} on {Software} {Engineering}},
  Year                     = {2008},

  Address                  = {New York, NY, USA},
  Pages                    = {251--260},
  Publisher                = {ACM},
  Series                   = {{ICSE} '08},

  Doi                      = {10.1145/1368088.1368123},
  ISBN                     = {978-1-60558-079-1},
  Keywords                 = {source code comments, task annotations, work practices},
  Url                      = {http://doi.acm.org/10.1145/1368088.1368123}
}

@InProceedings{sugiyama_opm:_1990,
  Title                    = {{OPM}: {An} {Object} {Process} {Modeling} {Environment}0},
  Author                   = {Sugiyama, Yasuhiro and Horowitz, Ellis},
  Booktitle                = {Proceedings of the 5th {International} {Software} {Process} {Workshop} on {Experience} with {Software} {Process} {Models}},
  Year                     = {1990},

  Address                  = {Los Alamitos, CA, USA},
  Pages                    = {134--136},
  Publisher                = {IEEE Computer Society Press},
  Series                   = {{ISPW} '90},

  ISBN                     = {0-8186-2104-4},
  Url                      = {http://dl.acm.org/citation.cfm?id=317498.317737}
}

@InProceedings{sun_querying_2014,
  Title                    = {Querying {Sequential} {Software} {Engineering} {Data}},
  Author                   = {Sun, Chengnian and Zhang, Haidong and Lou, Jian-Guang and Zhang, Hongyu and Wang, Qiang and Zhang, Dongmei and Khoo, Siau-Cheng},
  Booktitle                = {Proceedings of the 22Nd {ACM} {SIGSOFT} {International} {Symposium} on {Foundations} of {Software} {Engineering}},
  Year                     = {2014},

  Address                  = {New York, NY, USA},
  Pages                    = {700--710},
  Publisher                = {ACM},
  Series                   = {{FSE} 2014},

  Doi                      = {10.1145/2635868.2635902},
  ISBN                     = {978-1-4503-3056-5},
  Keywords                 = {Mining software repository, pattern matching, query, sequential data},
  Url                      = {http://doi.acm.org/10.1145/2635868.2635902}
}

@InProceedings{sureka_linguistic_2010,
  Title                    = {Linguistic {Analysis} of {Bug} {Report} {Titles} with {Respect} to the {Dimension} of {Bug} {Importance}},
  Author                   = {Sureka, Ashish and Indukuri, Kishore Varma},
  Booktitle                = {Proceedings of the {Third} {Annual} {ACM} {Bangalore} {Conference}},
  Year                     = {2010},

  Address                  = {New York, NY, USA},
  Pages                    = {9:1--9:6},
  Publisher                = {ACM},
  Series                   = {{COMPUTE} '10},

  Doi                      = {10.1145/1754288.1754297},
  ISBN                     = {978-1-4503-0001-8},
  Keywords                 = {bug report mining, data mining, text analytics},
  Url                      = {http://doi.acm.org/10.1145/1754288.1754297}
}

@InProceedings{sureka_ahaan:_2015,
  Title                    = {Ahaan: {Software} {Process} {Intelligence}: {Mining} {Software} {Process} {Data} for {Extracting} {Actionable} {Information}},
  Author                   = {Sureka, Ashish and Kumar, Atul and Gupta, Shrinath},
  Booktitle                = {Proceedings of the 8th {India} {Software} {Engineering} {Conference}},
  Year                     = {2015},

  Address                  = {New York, NY, USA},
  Pages                    = {198--199},
  Publisher                = {ACM},
  Series                   = {{ISEC} '15},

  Doi                      = {10.1145/2723742.2723763},
  ISBN                     = {978-1-4503-3432-7},
  Keywords                 = {Automated Software Engineering, Business Process Intelligence (BPI), mining software repositories, process mining, Software Process Intelligence},
  Url                      = {http://doi.acm.org/10.1145/2723742.2723763}
}

@InProceedings{tamrawi_fuzzy_2011,
  Title                    = {Fuzzy {Set}-based {Automatic} {Bug} {Triaging} ({NIER} {Track})},
  Author                   = {Tamrawi, Ahmed and Nguyen, Tung Thanh and Al-Kofahi, Jafar and Nguyen, Tien N.},
  Booktitle                = {Proceedings of the 33rd {International} {Conference} on {Software} {Engineering}},
  Year                     = {2011},

  Address                  = {New York, NY, USA},
  Pages                    = {884--887},
  Publisher                = {ACM},
  Series                   = {{ICSE} '11},

  Doi                      = {10.1145/1985793.1985934},
  ISBN                     = {978-1-4503-0445-0},
  Keywords                 = {bug triaging, fuzzy set},
  Url                      = {http://doi.acm.org/10.1145/1985793.1985934}
}

@InProceedings{thung_dupfinder:_2014,
  Title                    = {{DupFinder}: {Integrated} {Tool} {Support} for {Duplicate} {Bug} {Report} {Detection}},
  Author                   = {Thung, Ferdian and Kochhar, Pavneet Singh and Lo, David},
  Booktitle                = {Proceedings of the 29th {ACM}/{IEEE} {International} {Conference} on {Automated} {Software} {Engineering}},
  Year                     = {2014},

  Address                  = {New York, NY, USA},
  Pages                    = {871--874},
  Publisher                = {ACM},
  Series                   = {{ASE} '14},

  Doi                      = {10.1145/2642937.2648627},
  ISBN                     = {978-1-4503-3013-8},
  Keywords                 = {bugzilla, duplicate bug reports, integrated tool support},
  Url                      = {http://doi.acm.org/10.1145/2642937.2648627}
}

@InProceedings{thung_buglocalizer:_2014,
  Title                    = {{BugLocalizer}: {Integrated} {Tool} {Support} for {Bug} {Localization}},
  Author                   = {Thung, Ferdian and Le, Tien-Duy B. and Kochhar, Pavneet Singh and Lo, David},
  Booktitle                = {Proceedings of the 22Nd {ACM} {SIGSOFT} {International} {Symposium} on {Foundations} of {Software} {Engineering}},
  Year                     = {2014},

  Address                  = {New York, NY, USA},
  Pages                    = {767--770},
  Publisher                = {ACM},
  Series                   = {{FSE} 2014},

  Doi                      = {10.1145/2635868.2661678},
  ISBN                     = {978-1-4503-3056-5},
  Keywords                 = {Bug localization, bugzilla, GIT},
  Url                      = {http://doi.acm.org/10.1145/2635868.2661678}
}

@Article{tichy_interview_2010,
  Title                    = {An {Interview} with {Prof}. {Andreas} {Zeller}: {Mining} {Your} {Way} to {Software} {Reliability}},
  Author                   = {Tichy, Walter},
  Journal                  = {Ubiquity},
  Year                     = {2010},

  Month                    = nov,
  Number                   = {November},
  Volume                   = {2010},

  Doi                      = {10.1145/1880066.1883621},
  ISSN                     = {1530-2180},
  Url                      = {http://doi.acm.org/10.1145/1880066.1883621}
}

@InProceedings{torchiano_impact_2010,
  Title                    = {Impact {Analysis} by {Means} of {Unstructured} {Knowledge} in the {Context} of {Bug} {Repositories}},
  Author                   = {Torchiano, Marco and Ricca, Filippo},
  Booktitle                = {Proceedings of the 2010 {ACM}-{IEEE} {International} {Symposium} on {Empirical} {Software} {Engineering} and {Measurement}},
  Year                     = {2010},

  Address                  = {New York, NY, USA},
  Pages                    = {47:1--47:4},
  Publisher                = {ACM},
  Series                   = {{ESEM} '10},

  Doi                      = {10.1145/1852786.1852847},
  ISBN                     = {978-1-4503-0039-1},
  Keywords                 = {impact analysis, natural language processing techniques, software repositories},
  Url                      = {http://doi.acm.org/10.1145/1852786.1852847}
}

@InProceedings{tosun_practical_2009,
  Title                    = {Practical {Considerations} in {Deploying} {AI} for {Defect} {Prediction}: {A} {Case} {Study} {Within} the {Turkish} {Telecommunication} {Industry}},
  Author                   = {Tosun, Ayşe and Turhan, Burak and Bener, Ayşe},
  Booktitle                = {Proceedings of the 5th {International} {Conference} on {Predictor} {Models} in {Software} {Engineering}},
  Year                     = {2009},

  Address                  = {New York, NY, USA},
  Pages                    = {11:1--11:9},
  Publisher                = {ACM},
  Series                   = {{PROMISE} '09},

  Doi                      = {10.1145/1540438.1540453},
  ISBN                     = {978-1-60558-634-2},
  Keywords                 = {AI methods, experience report, prediction, software defect prediction, static code attributes},
  Url                      = {http://doi.acm.org/10.1145/1540438.1540453}
}

@InProceedings{tripp_aletheia:_2014,
  Title                    = {{ALETHEIA}: {Improving} the {Usability} of {Static} {Security} {Analysis}},
  Author                   = {Tripp, Omer and Guarnieri, Salvatore and Pistoia, Marco and Aravkin, Aleksandr},
  Booktitle                = {Proceedings of the 2014 {ACM} {SIGSAC} {Conference} on {Computer} and {Communications} {Security}},
  Year                     = {2014},

  Address                  = {New York, NY, USA},
  Pages                    = {762--774},
  Publisher                = {ACM},
  Series                   = {{CCS} '14},

  Doi                      = {10.1145/2660267.2660339},
  ISBN                     = {978-1-4503-2957-6},
  Keywords                 = {classification, false alarms, information-flow security, machine learning, static analysis, usable security},
  Url                      = {http://doi.acm.org/10.1145/2660267.2660339}
}

@InProceedings{tsampoulatidis_improvemycity:_2013,
  Title                    = {{ImproveMyCity}: {An} {Open} {Source} {Platform} for {Direct} {Citizen}-government {Communication}},
  Author                   = {Tsampoulatidis, Ioannis and Ververidis, Dimitrios and Tsarchopoulos, Panagiotis and Nikolopoulos, Spiros and Kompatsiaris, Ioannis and Komninos, Nicos},
  Booktitle                = {Proceedings of the 21st {ACM} {International} {Conference} on {Multimedia}},
  Year                     = {2013},

  Address                  = {New York, NY, USA},
  Pages                    = {839--842},
  Publisher                = {ACM},
  Series                   = {{MM} '13},

  Doi                      = {10.1145/2502081.2502225},
  ISBN                     = {978-1-4503-2404-5},
  Keywords                 = {egovernment, eparticipation, issue reporting, open source, urban maintenance},
  Url                      = {http://doi.acm.org/10.1145/2502081.2502225}
}

@Article{tsarfaty_parsing_2013,
  Title                    = {Parsing {Morphologically} {Rich} {Languages}: {Introduction} to the {Special} {Issue}},
  Author                   = {Tsarfaty, Reut and Seddah, Djamé and Kübler, Sandra and Nivre, Joakim},
  Journal                  = {Comput. Linguist.},
  Year                     = {2013},

  Month                    = mar,
  Number                   = {1},
  Pages                    = {15--22},
  Volume                   = {39},

  Doi                      = {10.1162/COLI_a_00133},
  ISSN                     = {0891-2017},
  Url                      = {http://dx.doi.org/10.1162/COLI_a_00133}
}

@InProceedings{tu_measuring_2014,
  Title                    = {Measuring the {Quality} of {Issue} {Tracking} {Data}},
  Author                   = {Tu, Feifei and Zhang, Feixue},
  Booktitle                = {Proceedings of the 6th {Asia}-{Pacific} {Symposium} on {Internetware} on {Internetware}},
  Year                     = {2014},

  Address                  = {New York, NY, USA},
  Pages                    = {76--79},
  Publisher                = {ACM},
  Series                   = {{INTERNETWARE} 2014},

  Doi                      = {10.1145/2677832.2677844},
  ISBN                     = {978-1-4503-3303-0},
  Keywords                 = {Data Quality, Issue Report, Quality Evaluator},
  Url                      = {http://doi.acm.org/10.1145/2677832.2677844}
}

@InProceedings{valdivia_garcia_characterizing_2014,
  Title                    = {Characterizing and {Predicting} {Blocking} {Bugs} in {Open} {Source} {Projects}},
  Author                   = {Valdivia Garcia, Harold and Shihab, Emad},
  Booktitle                = {Proceedings of the 11th {Working} {Conference} on {Mining} {Software} {Repositories}},
  Year                     = {2014},

  Address                  = {New York, NY, USA},
  Pages                    = {72--81},
  Publisher                = {ACM},
  Series                   = {{MSR} 2014},

  Doi                      = {10.1145/2597073.2597099},
  ISBN                     = {978-1-4503-2863-0},
  Keywords                 = {Code Metrics, Post-release Defects, Process Metrics},
  Url                      = {http://doi.acm.org/10.1145/2597073.2597099}
}

@InProceedings{vyas_ethnography_2013,
  Title                    = {Ethnography of {Software} {Maintenance} {Activities} in an {Industrial} {Engineering} {Setup}},
  Author                   = {Vyas, Dhaval},
  Booktitle                = {Proceedings of the 11th {Asia} {Pacific} {Conference} on {Computer} {Human} {Interaction}},
  Year                     = {2013},

  Address                  = {New York, NY, USA},
  Pages                    = {242--246},
  Publisher                = {ACM},
  Series                   = {{APCHI} '13},

  Doi                      = {10.1145/2525194.2525269},
  ISBN                     = {978-1-4503-2253-9},
  Keywords                 = {design, ethnography, software bug-fixing},
  Url                      = {http://doi.acm.org/10.1145/2525194.2525269}
}

@InProceedings{waiting_open_2008,
  Title                    = {Open {Source} {Development} {Tools} for {IMS} {Research}},
  Author                   = {Waiting, David and Good, Richard and Spiers, Richard and Ventura, Neco},
  Booktitle                = {Proceedings of the 4th {International} {Conference} on {Testbeds} and {Research} {Infrastructures} for the {Development} of {Networks} \& {Communities}},
  Year                     = {2008},

  Address                  = {ICST, Brussels, Belgium, Belgium},
  Pages                    = {41:1--41:10},
  Publisher                = {ICST (Institute for Computer Sciences, Social-Informatics and Telecommunications Engineering)},
  Series                   = {{TridentCom} '08},

  ISBN                     = {978-963-9799-24-0},
  Keywords                 = {IMS, open source, testbed},
  Url                      = {http://dl.acm.org/citation.cfm?id=1390576.1390627}
}

@InProceedings{walker_crosscutting_2012,
  Title                    = {Do {Crosscutting} {Concerns} {Cause} {Modularity} {Problems}?},
  Author                   = {Walker, Robert J. and Rawal, Shreya and Sillito, Jonathan},
  Booktitle                = {Proceedings of the {ACM} {SIGSOFT} 20th {International} {Symposium} on the {Foundations} of {Software} {Engineering}},
  Year                     = {2012},

  Address                  = {New York, NY, USA},
  Pages                    = {49:1--49:11},
  Publisher                = {ACM},
  Series                   = {{FSE} '12},

  Doi                      = {10.1145/2393596.2393654},
  ISBN                     = {978-1-4503-1614-9},
  Keywords                 = {AOSD, Mozilla, power laws, retroactive study, scattering},
  Url                      = {http://doi.acm.org/10.1145/2393596.2393654}
}

@InProceedings{wang_which_2011,
  Title                    = {Which {Bug} {Should} {I} {Fix}: {Helping} {New} {Developers} {Onboard} a {New} {Project}},
  Author                   = {Wang, Jianguo and Sarma, Anita},
  Booktitle                = {Proceedings of the 4th {International} {Workshop} on {Cooperative} and {Human} {Aspects} of {Software} {Engineering}},
  Year                     = {2011},

  Address                  = {New York, NY, USA},
  Pages                    = {76--79},
  Publisher                = {ACM},
  Series                   = {{CHASE} '11},

  Doi                      = {10.1145/1984642.1984661},
  ISBN                     = {978-1-4503-0576-1},
  Keywords                 = {bug search, new developer, socio-technical dependency},
  Url                      = {http://doi.acm.org/10.1145/1984642.1984661}
}

@InProceedings{wang_bug_2014,
  Title                    = {Bug {Localization} via {Searching} {Crowd}-contributed {Code}},
  Author                   = {Wang, Qianxiang and Li, Xuan},
  Booktitle                = {Proceedings of the 6th {Asia}-{Pacific} {Symposium} on {Internetware} on {Internetware}},
  Year                     = {2014},

  Address                  = {New York, NY, USA},
  Pages                    = {1--10},
  Publisher                = {ACM},
  Series                   = {{INTERNETWARE} 2014},

  Doi                      = {10.1145/2677832.2677833},
  ISBN                     = {978-1-4503-3303-0},
  Keywords                 = {Bug localization, Deep Normalization, Semantically Equivalent Alignment},
  Url                      = {http://doi.acm.org/10.1145/2677832.2677833}
}

@InProceedings{wang_version_2014,
  Title                    = {Version {History}, {Similar} {Report}, and {Structure}: {Putting} {Them} {Together} for {Improved} {Bug} {Localization}},
  Author                   = {Wang, Shaowei and Lo, David},
  Booktitle                = {Proceedings of the 22Nd {International} {Conference} on {Program} {Comprehension}},
  Year                     = {2014},

  Address                  = {New York, NY, USA},
  Pages                    = {53--63},
  Publisher                = {ACM},
  Series                   = {{ICPC} 2014},

  Doi                      = {10.1145/2597008.2597148},
  ISBN                     = {978-1-4503-2879-1},
  Keywords                 = {Bug localization, Similar Report, Structure, Version History},
  Url                      = {http://doi.acm.org/10.1145/2597008.2597148}
}

@InProceedings{wang_fixercache:_2014,
  Title                    = {{FixerCache}: {Unsupervised} {Caching} {Active} {Developers} for {Diverse} {Bug} {Triage}},
  Author                   = {Wang, Song and Zhang, Wen and Wang, Qing},
  Booktitle                = {Proceedings of the 8th {ACM}/{IEEE} {International} {Symposium} on {Empirical} {Software} {Engineering} and {Measurement}},
  Year                     = {2014},

  Address                  = {New York, NY, USA},
  Pages                    = {25:1--25:10},
  Publisher                = {ACM},
  Series                   = {{ESEM} '14},

  Doi                      = {10.1145/2652524.2652536},
  ISBN                     = {978-1-4503-2774-9},
  Keywords                 = {bug triage, developers' activeness, developers' preferences},
  Url                      = {http://doi.acm.org/10.1145/2652524.2652536}
}

@InProceedings{wang_linking_2014,
  Title                    = {Linking {Stack} {Overflow} to {Issue} {Tracker} for {Issue} {Resolution}},
  Author                   = {Wang, Tao and Yin, Gang and Wang, Huaimin and Yang, Cheng and Zou, Peng},
  Booktitle                = {Proceedings of the 6th {Asia}-{Pacific} {Symposium} on {Internetware} on {Internetware}},
  Year                     = {2014},

  Address                  = {New York, NY, USA},
  Pages                    = {11--14},
  Publisher                = {ACM},
  Series                   = {{INTERNETWARE} 2014},

  Doi                      = {10.1145/2677832.2677839},
  ISBN                     = {978-1-4503-3303-0},
  Keywords                 = {Android Issue Tracker, Issue Resolution, Stack Overflow},
  Url                      = {http://doi.acm.org/10.1145/2677832.2677839}
}

@InProceedings{wang_boat:_2014,
  Title                    = {{BOAT}: {An} {Experimental} {Platform} for {Researchers} to {Comparatively} and {Reproducibly} {Evaluate} {Bug} {Localization} {Techniques}},
  Author                   = {Wang, Xinyu and Lo, David and Xia, Xin and Wang, Xingen and Kochhar, Pavneet Singh and Tian, Yuan and Yang, Xiaohu and Li, Shanping and Sun, Jianling and Zhou, Bo},
  Booktitle                = {Companion {Proceedings} of the 36th {International} {Conference} on {Software} {Engineering}},
  Year                     = {2014},

  Address                  = {New York, NY, USA},
  Pages                    = {572--575},
  Publisher                = {ACM},
  Series                   = {{ICSE} {Companion} 2014},

  Doi                      = {10.1145/2591062.2591066},
  ISBN                     = {978-1-4503-2768-8},
  Keywords                 = {Benchmark, BOAT, Bug localization, Experimental Platform},
  Url                      = {http://doi.acm.org/10.1145/2591062.2591066}
}

@InProceedings{weimer_patches_2006,
  Title                    = {Patches {As} {Better} {Bug} {Reports}},
  Author                   = {Weimer, Westley},
  Booktitle                = {Proceedings of the 5th {International} {Conference} on {Generative} {Programming} and {Component} {Engineering}},
  Year                     = {2006},

  Address                  = {New York, NY, USA},
  Pages                    = {181--190},
  Publisher                = {ACM},
  Series                   = {{GPCE} '06},

  Doi                      = {10.1145/1173706.1173734},
  ISBN                     = {1-59593-237-2},
  Keywords                 = {bug, bug report, counterexample, error, explanation, localization, patch},
  Url                      = {http://doi.acm.org/10.1145/1173706.1173734}
}

@InProceedings{weisgerber_are_2006,
  Title                    = {Are {Refactorings} {Less} {Error}-prone {Than} {Other} {Changes}?},
  Author                   = {Weißgerber, Peter and Diehl, Stephan},
  Booktitle                = {Proceedings of the 2006 {International} {Workshop} on {Mining} {Software} {Repositories}},
  Year                     = {2006},

  Address                  = {New York, NY, USA},
  Pages                    = {112--118},
  Publisher                = {ACM},
  Series                   = {{MSR} '06},

  Doi                      = {10.1145/1137983.1138011},
  ISBN                     = {1-59593-397-2},
  Keywords                 = {re-engineering, refactoring, reverse engineering, Software evolution},
  Url                      = {http://doi.acm.org/10.1145/1137983.1138011}
}

@InProceedings{white_generating_2015,
  Title                    = {Generating {Reproducible} and {Replayable} {Bug} {Reports} from {Android} {Application} {Crashes}},
  Author                   = {White, Martin and Linares-Vásquez, Mario and Johnson, Peter and Bernal-Cárdenas, Carlos and Poshyvanyk, Denys},
  Booktitle                = {Proceedings of the 2015 {IEEE} 23rd {International} {Conference} on {Program} {Comprehension}},
  Year                     = {2015},

  Address                  = {Piscataway, NJ, USA},
  Pages                    = {48--59},
  Publisher                = {IEEE Press},
  Series                   = {{ICPC} '15},

  Keywords                 = {Android, crash and bug reports, reproducibility},
  Url                      = {http://dl.acm.org/citation.cfm?id=2820282.2820291}
}

@InProceedings{xie_product_2014,
  Title                    = {Product {Assignment} {Recommender}},
  Author                   = {Xie, Jialiang and Zheng, Qimu and Zhou, Minghui and Mockus, Audris},
  Booktitle                = {Companion {Proceedings} of the 36th {International} {Conference} on {Software} {Engineering}},
  Year                     = {2014},

  Address                  = {New York, NY, USA},
  Pages                    = {556--559},
  Publisher                = {ACM},
  Series                   = {{ICSE} {Companion} 2014},

  Doi                      = {10.1145/2591062.2591073},
  ISBN                     = {978-1-4503-2768-8},
  Keywords                 = {Data Quality, Product Assignment, Quality Monitoring},
  Url                      = {http://doi.acm.org/10.1145/2591062.2591073}
}

@Article{xu_precise_2013,
  Title                    = {Precise {Memory} {Leak} {Detection} for {Java} {Software} {Using} {Container} {Profiling}},
  Author                   = {Xu, Guoqing and Rountev, Atanas},
  Journal                  = {ACM Trans. Softw. Eng. Methodol.},
  Year                     = {2013},

  Month                    = jul,
  Number                   = {3},
  Pages                    = {17:1--17:28},
  Volume                   = {22},

  Doi                      = {10.1145/2491509.2491511},
  ISSN                     = {1049-331X},
  Keywords                 = {container profiling, leaking confidence, Memory leaks},
  Url                      = {http://doi.acm.org/10.1145/2491509.2491511}
}

@InProceedings{xu_precise_2008,
  Title                    = {Precise {Memory} {Leak} {Detection} for {Java} {Software} {Using} {Container} {Profiling}},
  Author                   = {Xu, Guoqing and Rountev, Atanas},
  Booktitle                = {Proceedings of the 30th {International} {Conference} on {Software} {Engineering}},
  Year                     = {2008},

  Address                  = {New York, NY, USA},
  Pages                    = {151--160},
  Publisher                = {ACM},
  Series                   = {{ICSE} '08},

  Doi                      = {10.1145/1368088.1368110},
  ISBN                     = {978-1-60558-079-1},
  Keywords                 = {container profiling, leaking confidence, Memory leaks},
  Url                      = {http://doi.acm.org/10.1145/1368088.1368110}
}

@InProceedings{ye_learning_2014,
  Title                    = {Learning to {Rank} {Relevant} {Files} for {Bug} {Reports} {Using} {Domain} {Knowledge}},
  Author                   = {Ye, Xin and Bunescu, Razvan and Liu, Chang},
  Booktitle                = {Proceedings of the 22Nd {ACM} {SIGSOFT} {International} {Symposium} on {Foundations} of {Software} {Engineering}},
  Year                     = {2014},

  Address                  = {New York, NY, USA},
  Pages                    = {689--699},
  Publisher                = {ACM},
  Series                   = {{FSE} 2014},

  Doi                      = {10.1145/2635868.2635874},
  ISBN                     = {978-1-4503-3056-5},
  Keywords                 = {bug reports, learning to rank, software maintenance},
  Url                      = {http://doi.acm.org/10.1145/2635868.2635874}
}

@InProceedings{yeasmin_how_2015,
  Title                    = {How {Should} {We} {Read} and {Analyze} {Bug} {Reports}: {An} {Interactive} {Visualization} {Using} {Extractive} {Summaries} and {Topic} {Evolution}},
  Author                   = {Yeasmin, Shamima and Roy, Chanchal K. and Schneider, Kevin A.},
  Booktitle                = {Proceedings of the 25th {Annual} {International} {Conference} on {Computer} {Science} and {Software} {Engineering}},
  Year                     = {2015},

  Address                  = {Riverton, NJ, USA},
  Pages                    = {171--180},
  Publisher                = {IBM Corp.},
  Series                   = {{CASCON} '15},

  Keywords                 = {bug report, summary, topic evolution, visualization},
  Url                      = {http://dl.acm.org/citation.cfm?id=2886444.2886470}
}

@InProceedings{yongpisanpop_bugarium:_2014,
  Title                    = {Bugarium: 3D {Interaction} for {Supporting} {Large}-scale {Bug} {Repositories} {Analysis}},
  Author                   = {Yongpisanpop, Papon and Hata, Hideaki and Matsumoto, Kenichi},
  Booktitle                = {Companion {Proceedings} of the 36th {International} {Conference} on {Software} {Engineering}},
  Year                     = {2014},

  Address                  = {New York, NY, USA},
  Pages                    = {500--503},
  Publisher                = {ACM},
  Series                   = {{ICSE} {Companion} 2014},

  Doi                      = {10.1145/2591062.2591125},
  ISBN                     = {978-1-4503-2768-8},
  Keywords                 = {3D Interaction, big data, bug tracking, software visualization},
  Url                      = {http://doi.acm.org/10.1145/2591062.2591125}
}

@Article{yuan_improving_2012,
  Title                    = {Improving {Software} {Diagnosability} via {Log} {Enhancement}},
  Author                   = {Yuan, Ding and Zheng, Jing and Park, Soyeon and Zhou, Yuanyuan and Savage, Stefan},
  Journal                  = {ACM Trans. Comput. Syst.},
  Year                     = {2012},

  Month                    = feb,
  Number                   = {1},
  Pages                    = {4:1--4:28},
  Volume                   = {30},

  Doi                      = {10.1145/2110356.2110360},
  ISSN                     = {0734-2071},
  Keywords                 = {Debugging, failure diagnostics, Log, program analysis, software diagnosability},
  Url                      = {http://doi.acm.org/10.1145/2110356.2110360}
}

@InProceedings{zaman_qualitative_2012,
  Title                    = {A {Qualitative} {Study} on {Performance} {Bugs}},
  Author                   = {Zaman, Shahed and Adams, Bram and Hassan, Ahmed E.},
  Booktitle                = {Proceedings of the 9th {IEEE} {Working} {Conference} on {Mining} {Software} {Repositories}},
  Year                     = {2012},

  Address                  = {Piscataway, NJ, USA},
  Pages                    = {199--208},
  Publisher                = {IEEE Press},
  Series                   = {{MSR} '12},

  ISBN                     = {978-1-4673-1761-0},
  Keywords                 = {Chromium, Mozilla Firefox, Performance Bugs, qualitative study},
  Url                      = {http://dl.acm.org/citation.cfm?id=2664446.2664477}
}

@InProceedings{zamfir_execution_2010,
  Title                    = {Execution {Synthesis}: {A} {Technique} for {Automated} {Software} {Debugging}},
  Author                   = {Zamfir, Cristian and Candea, George},
  Booktitle                = {Proceedings of the 5th {European} {Conference} on {Computer} {Systems}},
  Year                     = {2010},

  Address                  = {New York, NY, USA},
  Pages                    = {321--334},
  Publisher                = {ACM},
  Series                   = {{EuroSys} '10},

  Doi                      = {10.1145/1755913.1755946},
  ISBN                     = {978-1-60558-577-2},
  Keywords                 = {automated debugging, symbolic execution},
  Url                      = {http://doi.acm.org/10.1145/1755913.1755946}
}

@InProceedings{zeller_learning_2008,
  Title                    = {Learning from {Software}},
  Author                   = {Zeller, Andreas},
  Booktitle                = {Proceedings of the 1st {India} {Software} {Engineering} {Conference}},
  Year                     = {2008},

  Address                  = {New York, NY, USA},
  Pages                    = {1--1},
  Publisher                = {ACM},
  Series                   = {{ISEC} '08},

  Doi                      = {10.1145/1342211.1342212},
  ISBN                     = {978-1-59593-917-3},
  Keywords                 = {mining software archives},
  Url                      = {http://doi.acm.org/10.1145/1342211.1342212}
}

@InProceedings{zhang_predicting_2013,
  Title                    = {Predicting {Bug}-fixing {Time}: {An} {Empirical} {Study} of {Commercial} {Software} {Projects}},
  Author                   = {Zhang, Hongyu and Gong, Liang and Versteeg, Steve},
  Booktitle                = {Proceedings of the 2013 {International} {Conference} on {Software} {Engineering}},
  Year                     = {2013},

  Address                  = {Piscataway, NJ, USA},
  Pages                    = {1042--1051},
  Publisher                = {IEEE Press},
  Series                   = {{ICSE} '13},

  ISBN                     = {978-1-4673-3076-3},
  Url                      = {http://dl.acm.org/citation.cfm?id=2486788.2486931}
}

@Article{zhang_amplifying_2014,
  Title                    = {Amplifying {Tests} to {Validate} {Exception} {Handling} {Code}: {An} {Extended} {Study} in the {Mobile} {Application} {Domain}},
  Author                   = {Zhang, Pingyu and Elbaum, Sebastian},
  Journal                  = {ACM Trans. Softw. Eng. Methodol.},
  Year                     = {2014},

  Month                    = sep,
  Number                   = {4},
  Pages                    = {32:1--32:28},
  Volume                   = {23},

  Doi                      = {10.1145/2652483},
  ISSN                     = {1049-331X},
  Keywords                 = {exception handling, mobile applications, test amplification, test case generation, Test transformation},
  Url                      = {http://doi.acm.org/10.1145/2652483}
}

@InProceedings{zhang_amplifying_2012,
  Title                    = {Amplifying {Tests} to {Validate} {Exception} {Handling} {Code}},
  Author                   = {Zhang, Pingyu and Elbaum, Sebastian},
  Booktitle                = {Proceedings of the 34th {International} {Conference} on {Software} {Engineering}},
  Year                     = {2012},

  Address                  = {Piscataway, NJ, USA},
  Pages                    = {595--605},
  Publisher                = {IEEE Press},
  Series                   = {{ICSE} '12},

  ISBN                     = {978-1-4673-1067-3},
  Url                      = {http://dl.acm.org/citation.cfm?id=2337223.2337293}
}

@InProceedings{zimmermann_confessions_2014,
  Title                    = {Confessions of an {Industrial} {Researcher}: {A} {Typical} {Bollywood} {Story} ({Invited} {Talk})},
  Author                   = {Zimmermann, Thomas},
  Booktitle                = {Proceedings of the 1st {International} {Workshop} on {Software} {Engineering} {Research} and {Industrial} {Practices}},
  Year                     = {2014},

  Address                  = {New York, NY, USA},
  Pages                    = {1--1},
  Publisher                = {ACM},
  Series                   = {{SER}\&\#38;{IPs} 2014},

  Doi                      = {10.1145/2593850.2593851},
  ISBN                     = {978-1-4503-2859-3},
  Keywords                 = {Analytics, Analyzing Software Data, Data Science, Industrial Research, software engineering},
  Url                      = {http://doi.acm.org/10.1145/2593850.2593851}
}

