@INPROCEEDINGS{5741246,
author={Junio, G.A. and Malta, M.N. and de Almeida Mossri, H. and Marques-Neto, H.T. and Valente, M.T.},
booktitle={Software Maintenance and Reengineering (CSMR), 2011 15th European Conference on},
title={On the Benefits of Planning and Grouping Software Maintenance Requests},
year={2011},
pages={55-64},
keywords={pattern clustering;software maintenance;PASM process;clustering analysis techniques;codification task;process for arranging software maintenance requests;software development activity;software engineering activity;software maintenance;software projects;Maintenance engineering;Organizations;Planning;Programming;Software engineering;Software maintenance;software clustering;software economics;software maintenance process},
doi={10.1109/CSMR.2011.10},
ISSN={1534-5351},
month={March},}


@incollection{keele2007guidelines,
  title={Guidelines for performing systematic literature reviews in software engineering},
  author={Keele, Staffs},
  booktitle={Technical report, Ver. 2.3 EBSE Technical Report. EBSE},
  year={2007}
  }

@book{wohlin2012experimentation,
  title={Experimentation in software engineering},
  author={Wohlin, Claes and Runeson, Per and H{\"o}st, Martin and Ohlsson, Magnus C and Regnell, Bj{\"o}rn and Wessl{\'e}n, Anders},
  year={2012},
  publisher={Springer Science \& Business Media}
}
@article{101186,
year={2015},
journal={Journal of Software Engineering Research and Development},
eid={3},
volume={3},
number={1},
doi={10.1186/s40411-015-0018-x},
title={NextBug: a Bugzilla extension for recommending similar bugs},
url={http://dx.doi.org/10.1186/s40411-015-0018-x},
publisher={Springer Berlin Heidelberg},
keywords={Bugs; Recommendation systems; Bug mining techniques},
author={Rocha, Henrique and Oliveira, Guilhermede and Marques-Neto, Humberto and Valente, MarcoTulio},
language={English}
}

@book{baeza1999modern,
  title={Modern information retrieval},
  author={Baeza-Yates, Ricardo and Ribeiro-Neto, Berthier and others},
  volume={463},
  year={1999},
  publisher={ACM press New York}
}
@ARTICLE{846201,
author={Erlikh, L.},
journal={IT Professional},
title={Leveraging legacy system dollars for e-business},
year={2000},
volume={2},
number={3},
pages={17-23},
keywords={business data processing;software development management;software maintenance;software reviews;APIs;Relativity Technologies;RescueWare;Y2K;application backlog;application program interfaces;business knowledge;business requirements;business services;distributed architectures;e-business;e-components;legacy systems redevelopment;legacy transformation software;mainframe based mission-critical systems;modern industry-standard protocols;productive platforms;qualified personnel;software maintenance;technology enhancements;Companies;Computer architecture;Encapsulation;Enterprise resource planning;Java;Merging;Mission critical systems;Personnel;Software performance;XML},
doi={10.1109/6294.846201},
ISSN={1520-9202},
month={May},}

@article{swe.cost.legacy2,
    author = {Eastwood, A.},
    citeulike-article-id = {5985114},
    journal = {Computing Canada},
    keywords = {reengineering},
    number = {2},
    pages = {17},
    posted-at = {2009-10-22 16:30:42},
    priority = {2},
    title = {{Firm fires shots at legacy systems}},
    volume = {19},
    year = {1993}
    }

@article{moad1990maintaining,
  title={Maintaining the competitive edge},
  author={Moad, Jeffrey},
  journal={Datamation},
  volume={36},
  number={4},
  pages={61},
  year={1990},
  publisher={CAHNERS-DENVER PUBLISHING CO 8773 S RIDGELINE BLVD, HIGHLANDS RANCH, CO 80126-2329}
  }
 @article{Port1988,
    author = {Port, O.},
    citeulike-article-id = {4840083},
    journal = {Business Week},
    keywords = {bugs},
    number = {3051},
    pages = {142--154},
    posted-at = {2009-06-14 01:02:27},
    priority = {2},
    title = {{The software trap -- automate or else}},
    volume = {9},
    year = {1988}
}
@inproceedings{McKee:1984:MFD:1499310.1499334,
 author = {McKee, James R.},
 title = {Maintenance As a Function of Design},
 booktitle = {Proceedings of the July 9-12, 1984, National Computer Conference and Exposition},
 series = {AFIPS '84},
 year = {1984},
 isbn = {0-88283-043-0},
 location = {Las Vegas, Nevada},
 pages = {187--193},
 numpages = {7},
 url = {http://doi.acm.org/10.1145/1499310.1499334},
 doi = {10.1145/1499310.1499334},
 acmid = {1499334},
 publisher = {ACM},
 address = {New York, NY, USA},
}
@article{Lientz:1981:PAS:358790.358796,
 author = {Lientz, Bennet P. and Swanson, E. Burton},
 title = {Problems in Application Software Maintenance},
 journal = {Commun. ACM},
 issue_date = {Nov. 1981},
 volume = {24},
 number = {11},
 month = nov,
 year = {1981},
 issn = {0001-0782},
 pages = {763--769},
 numpages = {7},
 url = {http://doi.acm.org/10.1145/358790.358796},
 doi = {10.1145/358790.358796},
 acmid = {358796},
 publisher = {ACM},
 address = {New York, NY, USA},
 keywords = {application software maintenance, maintenance problem factors},
}

@book{Zelkowitz:1979:PSE:578504,
 author = {Zelkowitz, Marvin V. and Shaw, Alan C. and Gannon, John D.},
 title = {Principles of Software Engineering and Design},
 year = {1979},
 isbn = {013710202X},
 publisher = {Prentice Hall Professional Technical Reference},
 }

@ARTICLE{1423995,
author={Yong Tan and Mookerjee, V.S.},
journal={Software Engineering, IEEE Transactions on},
title={Comparing uniform and flexible policies for software maintenance and replacement},
year={2005},
volume={31},
number={3},
pages={238-255},
keywords={software cost estimation;software maintenance;software reusability;optimal scheduling;software cost estimation;software maintenance;software replacement;software reuse;Application software;Computer industry;Cost function;Environmental economics;Java;Optimal scheduling;Personnel;Software maintenance;Software performance;Software systems;Index Terms- Software maintenance and replacement;cost models;optimal scheduling.},
doi={10.1109/TSE.2005.30},
ISSN={0098-5589},
month={March},}

@article{benaroch2013primary,
  title={Primary Drivers of Software Maintenance Cost Studied Using Longitudinal Data},
  author={Benaroch, Michel},
  year={2013}
}

@INPROCEEDINGS{5873461,
author={Yongchang Ren and Tao Xing and Xiaoji Chen and Xuguang Chai},
booktitle={Intelligent Systems and Applications (ISA), 2011 3rd International Workshop on},
title={Research on Software Maintenance Cost of Influence Factor Analysis and Estimation Method},
year={2011},
pages={1-4},
keywords={software maintenance;estimation method;influence factor analysis;software maintenance cost research;Databases;Estimation;Maintenance engineering;Modeling;Programming;Software maintenance},
doi={10.1109/ISA.2011.5873461},
month={May},}

@inproceedings{ren2011research,
  title={Research on software maintenance cost of influence factor analysis and estimation method},
  author={Ren, Yongchang and Xing, Tao and Chen, Xiaoji and Chai, Xuguang},
  booktitle={Intelligent Systems and Applications (ISA), 2011 3rd International Workshop on},
  pages={1--4},
  year={2011},
  organization={IEEE}
  }

@INPROCEEDINGS{815646,
author={Suenobu, H. and Honma, M. and Tsuruta, S. and Kasahara, H. and Masuda, H. and Uchara, M.},
booktitle={Systems, Man, and Cybernetics, 1999. IEEE SMC '99 Conference Proceedings. 1999 IEEE International Conference on},
title={Stepwise approach for introducing object-oriented technique at software maintenance stages},
year={1999},
volume={5},
pages={756-761 vol.5},
keywords={object-oriented programming;software cost estimation;software maintenance;C language;C++ language;elevator maintenance engineers;methodology;object-oriented technique;scheduling;software cost;software developers;software maintenance;stepwise approach;Application software;Computer bugs;Costs;Elevators;Information analysis;Laboratories;Large-scale systems;Programming;Software maintenance},
doi={10.1109/ICSMC.1999.815646},
ISSN={1062-922X},
month={},}

@article{April200973,
title = "A Software Maintenance Maturity Model (S3M): Measurement Practices at Maturity Levels 3 and 4 ",
journal = "Electronic Notes in Theoretical Computer Science ",
volume = "233",
number = "",
pages = "73 - 87",
year = "2009",
note = "Proceedings of the International Workshop on Software Quality and Maintainability (SQM 2008) ",
issn = "1571-0661",
doi = "http://dx.doi.org/10.1016/j.entcs.2009.02.062",
url = "http://www.sciencedirect.com/science/article/pii/S157106610900067X",
author = "Alain April and Alain Abran",
keywords = "Software Maintenance",
keywords = "Maturity Model",
keywords = "Process Improvement",
keywords = "Process Assessment",
keywords = "Product Assessment "
}

@INPROCEEDINGS{930170,
author={Kajko-Mattsson, M.},
booktitle={Engineering of Complex Computer Systems, 2001. Proceedings. Seventh IEEE International Conference on},
title={Motivating the corrective maintenance maturity model (CM3)},
year={2001},
pages={112-117},
keywords={software maintenance;software process improvement;CM3;corrective maintenance maturity model;maintenance process;process model;process models;software maintenance;Costs;Footwear;IEC standards;ISO standards;Laboratories;Preventive maintenance;Programming;Software engineering;Software maintenance;Terminology},
doi={10.1109/ICECCS.2001.930170},
month={},}

@inproceedings{Runeson:2007:DDD:1248820.1248882,
 author = {Runeson, Per and Alexandersson, Magnus and Nyholm, Oskar},
 title = {Detection of Duplicate Defect Reports Using Natural Language Processing},
 booktitle = {Proceedings of the 29th International Conference on Software Engineering},
 series = {ICSE '07},
 year = {2007},
 isbn = {0-7695-2828-7},
 pages = {499--510},
 numpages = {12},
 url = {http://dx.doi.org/10.1109/ICSE.2007.32},
 doi = {10.1109/ICSE.2007.32},
 acmid = {1248882},
 publisher = {IEEE Computer Society},
 address = {Washington, DC, USA},
}
@article{koskinen2003software,
  title={Software maintenance costs},
  author={Koskinen, Jussi},
  journal={Information Technology Research Institute, ELTIS-Project University of Jyv{\"a}skyl{\"a}},
  year={2003}
}
@inproceedings{Alipour:2013:CAT:2487085.2487123,
 author = {Alipour, Anahita and Hindle, Abram and Stroulia, Eleni},
 title = {A Contextual Approach Towards More Accurate Duplicate Bug Report Detection},
 booktitle = {Proceedings of the 10th Working Conference on Mining Software Repositories},
 series = {MSR '13},
 year = {2013},
 isbn = {978-1-4673-2936-1},
 location = {San Francisco, CA, USA},
 pages = {183--192},
 numpages = {10},
 url = {http://dl.acm.org/citation.cfm?id=2487085.2487123},
 acmid = {2487123},
 publisher = {IEEE Press},
 address = {Piscataway, NJ, USA},
 }

@INPROCEEDINGS{6671283,
author={Kaiping Liu and Hee Beng Kuan Tan and Hongyu Zhang},
booktitle={Reverse Engineering (WCRE), 2013 20th Working Conference on},
title={Has this bug been reported?},
year={2013},
pages={82-91},
keywords={Web sites;document handling;learning (artificial intelligence);program debugging;query processing;support vector machines;Bugzilla;Eclipse bug reports;Learning to Rank technique;Lucene;Mozilla bug reports;Ranking SVM;Wikipedia;bug fixing;bug report search;bug reporters;bug reporting;bug tracking systems;bug triaging;documents;ranking functions;semantic relation discovery;user query;Electronic publishing;Encyclopedias;Internet;Semantics;Support vector machines;Training;Bug report search;Ranking SVM;bug tracking system;search quality;semantic relation},
doi={10.1109/WCRE.2013.6671283},
month={Oct},}

@article{09639314,
year={2013},
issn={0963-9314},
journal={Software Quality Journal},
volume={21},
number={1},
doi={10.1007/s11219-011-9164-5},
title={The bug report duplication problem: an exploratory study},
url={http://dx.doi.org/10.1007/s11219-011-9164-5},
publisher={Springer US},
keywords={Bug reports; Bug tracker; Bug reports duplication; Exploratory study; Software configuration management},
author={Cavalcanti, YguaratãCerqueira and da Mota Silveira Neto, PauloAnselmo and Lucrédio, Daniel and Vale, Tassio and de Almeida, EduardoSantana and de Lemos Meira, SilvioRomero},
pages={39-66},
language={English}
}

@article{zimmermann2005mining,
  title={Mining version histories to guide software changes},
  author={Zimmermann, Thomas and Zeller, Andreas and Weissgerber, Peter and Diehl, Stephan},
  journal={Software Engineering, IEEE Transactions on},
  volume={31},
  number={6},
  pages={429--445},
  year={2005},
  publisher={IEEE}
  }

@article{kaur2015review,
  title={A Review on Software Maintenance Issues and How to Reduce Maintenance Efforts},
  author={Kaur, Uttamjit and Singh, Gagandeep},
  journal={International Journal of Computer Applications},
  volume={118},
  number={1},
  year={2015},
  publisher={Foundation of Computer Science}
  }

@BOOK {Zhang_2003,
    author    = "HF Zhang",
    title     = "Introduction to Software Engineering,",
    publisher = "Tsinghua University Press",
    year      = "2003"
}

@ARTICLE{1703974,
journal={ISO/IEC 14764:2006 (E) IEEE Std 14764-2006 Revision of IEEE Std 1219-1998)},
title={International Standard - ISO/IEC 14764 IEEE Std 14764-2006 Software Engineering 2013; Software Life Cycle Processes 2013; Maintenance},
year={2006},
pages={01-46},
keywords={IEEE standards;ISO;Software engineering},
doi={10.1109/IEEESTD.2006.235774},
month={},}
