@inproceedings{Nakagawa:2013:SAF:2489850.2489853,
 author = {Nakagawa, Elisa Y. and Gon\c{c}alves, Marcelo and Guessi, Milena and Oliveira, Lucas B. R. and Oquendo, Flavio},
 title = {The State of the Art and Future Perspectives in Systems of Systems Software Architectures},
 booktitle = {Proceedings of the First International Workshop on Software Engineering for Systems-of-Systems},
 series = {SESoS '13},
 year = {2013},
 isbn = {978-1-4503-2048-1},
 location = {Montpellier, France},
 pages = {13--20},
 numpages = {8},
 url = {http://doi.acm.org/10.1145/2489850.2489853},
 doi = {10.1145/2489850.2489853},
 acmid = {2489853},
 publisher = {ACM},
 address = {New York, NY, USA},
 keywords = {architectural design, architectural evaluation, architectural evolution, architectural representation, system of systems},
}