@inproceedings{Cavalcanti:2013:TUS:2460999.2461028,
 author = {Cavalcanti, Yguarat\~{a} Cerqueira and da Mota Silveira Neto, Paulo Anselmo and do Carmo Machado, Ivan and de Almeida, Eduardo Santana and de Lemos Meira, Silvio Romero},
 title = {Towards Understanding Software Change Request Assignment: A Survey with Practitioners},
 booktitle = {Proceedings of the 17th International Conference on Evaluation and Assessment in Software Engineering},
 series = {EASE '13},
 year = {2013},
 isbn = {978-1-4503-1848-8},
 location = {Porto de Galinhas, Brazil},
 pages = {195--206},
 numpages = {12},
 url = {http://doi.acm.org/10.1145/2460999.2461028},
 doi = {10.1145/2460999.2461028},
 acmid = {2461028},
 publisher = {ACM},
 address = {New York, NY, USA},
 keywords = {bug tracking, bug triage, change request assignment, issue tracking, software maintenance},
}

@article{Saha:2015:UTF:2791609.2792085,
 author = {Saha, Ripon K. and Khurshid, Sarfraz and Perry, Dewayne E.},
 title = {Understanding the Triaging and Fixing Processes of Long Lived Bugs},
 journal = {Inf. Softw. Technol.},
 issue_date = {September 2015},
 volume = {65},
 number = {C},
 month = sep,
 year = {2015},
 issn = {0950-5849},
 pages = {114--128},
 numpages = {15},
 url = {http://dx.doi.org/10.1016/j.infsof.2015.03.002},
 doi = {10.1016/j.infsof.2015.03.002},
 acmid = {2792085},
 publisher = {Butterworth-Heinemann},
 address = {Newton, MA, USA},
 keywords = {Bug survival time, Bug tracking, Bug triaging},
}

@inproceedings{Guo:2011:MBO:1958824.1958887,
 author = {Guo, Philip J. and Zimmermann, Thomas and Nagappan, Nachiappan and Murphy, Brendan},
 title = {"Not My Bug!" and Other Reasons for Software Bug Report Reassignments},
 booktitle = {Proceedings of the ACM 2011 Conference on Computer Supported Cooperative Work},
 series = {CSCW '11},
 year = {2011},
 isbn = {978-1-4503-0556-3},
 location = {Hangzhou, China},
 pages = {395--404},
 numpages = {10},
 url = {http://doi.acm.org/10.1145/1958824.1958887},
 doi = {10.1145/1958824.1958887},
 acmid = {1958887},
 publisher = {ACM},
 address = {New York, NY, USA},
 keywords = {bug reassignment, bug tracking, bug triaging},
}

@inproceedings{Bhattacharya:2011:BTP:1985441.1985472,
 author = {Bhattacharya, Pamela and Neamtiu, Iulian},
 title = {Bug-fix Time Prediction Models: Can We Do Better?},
 booktitle = {Proceedings of the 8th Working Conference on Mining Software Repositories},
 series = {MSR '11},
 year = {2011},
 isbn = {978-1-4503-0574-7},
 location = {Waikiki, Honolulu, HI, USA},
 pages = {207--210},
 numpages = {4},
 url = {http://doi.acm.org/10.1145/1985441.1985472},
 doi = {10.1145/1985441.1985472},
 acmid = {1985472},
 publisher = {ACM},
 address = {New York, NY, USA},
 keywords = {bug report triage, bug-fix time, issue tracking, statistical model},
}

@inproceedings{Bortis:2011:TCB:1984642.1984659,
 author = {Bortis, Gerald and van der Hoek, Andr{\'e}},
 title = {Teambugs: A Collaborative Bug Tracking Tool},
 booktitle = {Proceedings of the 4th International Workshop on Cooperative and Human Aspects of Software Engineering},
 series = {CHASE '11},
 year = {2011},
 isbn = {978-1-4503-0576-1},
 location = {Waikiki, Honolulu, HI, USA},
 pages = {69--71},
 numpages = {3},
 url = {http://doi.acm.org/10.1145/1984642.1984659},
 doi = {10.1145/1984642.1984659},
 acmid = {1984659},
 publisher = {ACM},
 address = {New York, NY, USA},
 keywords = {bug tracking, bug triaging},
}

@inproceedings{Chawla:2015:AAB:2723742.2723751,
 author = {Chawla, Indu and Singh, Sandeep K.},
 title = {An Automated Approach for Bug Categorization Using Fuzzy Logic},
 booktitle = {Proceedings of the 8th India Software Engineering Conference},
 series = {ISEC '15},
 year = {2015},
 isbn = {978-1-4503-3432-7},
 location = {Bangalore, India},
 pages = {90--99},
 numpages = {10},
 url = {http://doi.acm.org/10.1145/2723742.2723751},
 doi = {10.1145/2723742.2723751},
 acmid = {2723751},
 publisher = {ACM},
 address = {New York, NY, USA},
 keywords = {Bug Categorization, Bug Repository, Fuzzy Logic},
}

@article{Hindle:2016:CAT:2911378.2911428,
 author = {Hindle, Abram and Alipour, Anahita and Stroulia, Eleni},
 title = {A Contextual Approach Towards More Accurate Duplicate Bug Report Detection and Ranking},
 journal = {Empirical Softw. Engg.},
 issue_date = {April     2016},
 volume = {21},
 number = {2},
 month = apr,
 year = {2016},
 issn = {1382-3256},
 pages = {368--410},
 numpages = {43},
 url = {http://dx.doi.org/10.1007/s10664-015-9387-3},
 doi = {10.1007/s10664-015-9387-3},
 acmid = {2911428},
 publisher = {Kluwer Academic Publishers},
 address = {Hingham, MA, USA},
 keywords = {Bug deduplication, Bug-tracing systems, Duplicate bug reports, Information retrieval, Issue-tracking systems, Software context, Triaging},
}

@inproceedings{Hu:2014:EBT:2707683.2708297,
 author = {Hu, Hao and Zhang, Hongyu and Xuan, Jifeng and Sun, Weigang},
 title = {Effective Bug Triage Based on Historical Bug-Fix Information},
 booktitle = {Proceedings of the 2014 IEEE 25th International Symposium on Software Reliability Engineering},
 series = {ISSRE '14},
 year = {2014},
 isbn = {978-1-4799-6033-0},
 pages = {122--132},
 numpages = {11},
 url = {http://dx.doi.org/10.1109/ISSRE.2014.17},
 doi = {10.1109/ISSRE.2014.17},
 acmid = {2708297},
 publisher = {IEEE Computer Society},
 address = {Washington, DC, USA},
 keywords = {bug report assignment, bug triage, developer recommendation, bug repository},
}

@inproceedings{Saha:2015:TBR:2820518.2820550,
 author = {Saha, Ripon K. and Lawall, Julia and Khurshid, Sarfraz and Perry, Dewayne E.},
 title = {Are These Bugs Really "Normal"?},
 booktitle = {Proceedings of the 12th Working Conference on Mining Software Repositories},
 series = {MSR '15},
 year = {2015},
 location = {Florence, Italy},
 pages = {258--268},
 numpages = {11},
 url = {http://dl.acm.org/citation.cfm?id=2820518.2820550},
 acmid = {2820550},
 publisher = {IEEE Press},
 address = {Piscataway, NJ, USA},
 keywords = {bug severity, bug tracking system, mining software repositories},
}

@inproceedings{Saha:2015:TBR:2865656.2866147,
 author = {Saha, Ripon K. and Lawall, Julia and Khurshid, Sarfraz and Perry, Dewayne E.},
 title = {Are These Bugs Really "Normal"?},
 booktitle = {Proceedings of the 2015 IEEE/ACM 12th Working Conference on Mining Software Repositories},
 series = {MSR '15},
 year = {2015},
 isbn = {978-0-7695-5594-2},
 pages = {258--268},
 numpages = {11},
 url = {http://dx.doi.org/10.1109/MSR.2015.31},
 doi = {10.1109/MSR.2015.31},
 acmid = {2866147},
 publisher = {IEEE Computer Society},
 address = {Washington, DC, USA},
 keywords = {Bug Severity, Bug Tracking System, Mining Software Repositories},
}

@inproceedings{Habayeb:2015:FTD:2865656.2866110,
 author = {Habayeb, Mayy and Miranskyy, Andriy and Murtaza, Syed Shariyar and Buchanan, Leotis and Bener, Ayse},
 title = {The Firefox Temporal Defect Dataset},
 booktitle = {Proceedings of the 2015 IEEE/ACM 12th Working Conference on Mining Software Repositories},
 series = {MSR '15},
 year = {2015},
 isbn = {978-0-7695-5594-2},
 pages = {498--501},
 numpages = {4},
 url = {http://dx.doi.org/10.1109/MSR.2015.73},
 doi = {10.1109/MSR.2015.73},
 acmid = {2866110},
 publisher = {IEEE Computer Society},
 address = {Washington, DC, USA},
 keywords = {Bug repositories, Dataset, Temporal activities, Bug reports, Defect tracking},
}

@article{Chaturvedi:2012:ECM:2531964.2531967,
 author = {Chaturvedi, K. K. and Singh, V.B.},
 title = {An Empirical Comparison of Machine Learning Techniques in Predicting the Bug Severity of Open and Closed Source Projects},
 journal = {Int. J. Open Source Softw. Process.},
 issue_date = {April 2012},
 volume = {4},
 number = {2},
 month = apr,
 year = {2012},
 issn = {1942-3926},
 pages = {32--59},
 numpages = {28},
 url = {http://dx.doi.org/10.4018/jossp.2012040103},
 doi = {10.4018/jossp.2012040103},
 acmid = {2531967},
 publisher = {IGI Global},
 address = {Hershey, PA, USA},
 keywords = {10-fold Cross Validation, Bug Repositories, Bug Severity, Multiclass Classification, Supervised Classification, Text Mining},
}

@inproceedings{Alipour:2013:CAT:2487085.2487123,
 author = {Alipour, Anahita and Hindle, Abram and Stroulia, Eleni},
 title = {A Contextual Approach Towards More Accurate Duplicate Bug Report Detection},
 booktitle = {Proceedings of the 10th Working Conference on Mining Software Repositories},
 series = {MSR '13},
 year = {2013},
 isbn = {978-1-4673-2936-1},
 location = {San Francisco, CA, USA},
 pages = {183--192},
 numpages = {10},
 url = {http://dl.acm.org/citation.cfm?id=2487085.2487123},
 acmid = {2487123},
 publisher = {IEEE Press},
 address = {Piscataway, NJ, USA},
}

@inproceedings{Zhang:2011:BRB:2055440.2055904,
 author = {Zhang, Tao and Lee, Byungjeong},
 title = {A Bug Rule Based Technique with Feedback for Classifying Bug Reports},
 booktitle = {Proceedings of the 2011 IEEE  11th International Conference on Computer and Information Technology},
 series = {CIT '11},
 year = {2011},
 isbn = {978-0-7695-4388-8},
 pages = {336--343},
 numpages = {8},
 url = {http://dx.doi.org/10.1109/CIT.2011.90},
 doi = {10.1109/CIT.2011.90},
 acmid = {2055904},
 publisher = {IEEE Computer Society},
 address = {Washington, DC, USA},
 keywords = {bug report classification, bug tracking system, developer feedback, software maintenance},
}

@inproceedings{Jeong:2009:IBT:1595696.1595715,
 author = {Jeong, Gaeul and Kim, Sunghun and Zimmermann, Thomas},
 title = {Improving Bug Triage with Bug Tossing Graphs},
 booktitle = {Proceedings of the the 7th Joint Meeting of the European Software Engineering Conference and the ACM SIGSOFT Symposium on The Foundations of Software Engineering},
 series = {ESEC/FSE '09},
 year = {2009},
 isbn = {978-1-60558-001-2},
 location = {Amsterdam, The Netherlands},
 pages = {111--120},
 numpages = {10},
 url = {http://doi.acm.org/10.1145/1595696.1595715},
 doi = {10.1145/1595696.1595715},
 acmid = {1595715},
 publisher = {ACM},
 address = {New York, NY, USA},
 keywords = {bug report assignment, bug tossing, bug triage, issue tracking, machine learning, problem tracking},
}

@inproceedings{Liu:2012:TBR:2393596.2393628,
 author = {Liu, Kaiping and Tan, Hee Beng Kuan and Chandramohan, Mahinthan},
 title = {Has This Bug Been Reported?},
 booktitle = {Proceedings of the ACM SIGSOFT 20th International Symposium on the Foundations of Software Engineering},
 series = {FSE '12},
 year = {2012},
 isbn = {978-1-4503-1614-9},
 location = {Cary, North Carolina},
 pages = {28:1--28:4},
 articleno = {28},
 numpages = {4},
 url = {http://doi.acm.org/10.1145/2393596.2393628},
 doi = {10.1145/2393596.2393628},
 acmid = {2393628},
 publisher = {ACM},
 address = {New York, NY, USA},
 keywords = {bug report, bug tracking system, duplicate, learning to rank, search engine, search quality},
}

@inproceedings{Klein:2014:NFD:2597073.2597090,
 author = {Klein, Nathan and Corley, Christopher S. and Kraft, Nicholas A.},
 title = {New Features for Duplicate Bug Detection},
 booktitle = {Proceedings of the 11th Working Conference on Mining Software Repositories},
 series = {MSR 2014},
 year = {2014},
 isbn = {978-1-4503-2863-0},
 location = {Hyderabad, India},
 pages = {324--327},
 numpages = {4},
 url = {http://doi.acm.org/10.1145/2597073.2597090},
 doi = {10.1145/2597073.2597090},
 acmid = {2597090},
 publisher = {ACM},
 address = {New York, NY, USA},
 keywords = {Duplicate bug reports, machine learning, topic model},
}

@inproceedings{Thung:2014:DIT:2642937.2648627,
 author = {Thung, Ferdian and Kochhar, Pavneet Singh and Lo, David},
 title = {DupFinder: Integrated Tool Support for Duplicate Bug Report Detection},
 booktitle = {Proceedings of the 29th ACM/IEEE International Conference on Automated Software Engineering},
 series = {ASE '14},
 year = {2014},
 isbn = {978-1-4503-3013-8},
 location = {Vasteras, Sweden},
 pages = {871--874},
 numpages = {4},
 url = {http://doi.acm.org/10.1145/2642937.2648627},
 doi = {10.1145/2642937.2648627},
 acmid = {2648627},
 publisher = {ACM},
 address = {New York, NY, USA},
 keywords = {bugzilla, duplicate bug reports, integrated tool support},
}

@inproceedings{Lazar:2014:GDB:2597073.2597128,
 author = {Lazar, Alina and Ritchey, Sarah and Sharif, Bonita},
 title = {Generating Duplicate Bug Datasets},
 booktitle = {Proceedings of the 11th Working Conference on Mining Software Repositories},
 series = {MSR 2014},
 year = {2014},
 isbn = {978-1-4503-2863-0},
 location = {Hyderabad, India},
 pages = {392--395},
 numpages = {4},
 url = {http://doi.acm.org/10.1145/2597073.2597128},
 doi = {10.1145/2597073.2597128},
 acmid = {2597128},
 publisher = {ACM},
 address = {New York, NY, USA},
 keywords = {Data Repositories, Duplicate Bug Pairs, Duplicate Bug Reports},
}

@inproceedings{Kochhar:2014:PBB:2642937.2642997,
 author = {Kochhar, Pavneet Singh and Tian, Yuan and Lo, David},
 title = {Potential Biases in Bug Localization: Do They Matter?},
 booktitle = {Proceedings of the 29th ACM/IEEE International Conference on Automated Software Engineering},
 series = {ASE '14},
 year = {2014},
 isbn = {978-1-4503-3013-8},
 location = {Vasteras, Sweden},
 pages = {803--814},
 numpages = {12},
 url = {http://doi.acm.org/10.1145/2642937.2642997},
 doi = {10.1145/2642937.2642997},
 acmid = {2642997},
 publisher = {ACM},
 address = {New York, NY, USA},
 keywords = {bias, bug localization, empirical study, issue reports},
}

@article{Cavalcanti:2014:COS:2926386.2926390,
 author = {Cavalcanti, Yguarat\~{a} Cerqueira and Mota Silveira Neto, Paulo Anselmo and Machado, Ivan do Carmo and Vale, Tassio Ferreira and Almeida, Eduardo Santana and Meira, Silvio Romero de Lemos},
 title = {Challenges and Opportunities for Software Change Request Repositories: A Systematic Mapping Study},
 journal = {J. Softw. Evol. Process},
 issue_date = {July 2014},
 volume = {26},
 number = {7},
 month = jul,
 year = {2014},
 issn = {2047-7473},
 pages = {620--653},
 numpages = {34},
 url = {http://dx.doi.org/10.1002/smr.1639},
 doi = {10.1002/smr.1639},
 acmid = {2926390},
 publisher = {John Wiley \&amp; Sons, Inc.},
 address = {New York, NY, USA},
 keywords = {bug report, bug tracking, change request repository, software evolution, software maintenance, software quality assurance},
}

@inproceedings{Michail:2005:HUA:1062455.1062490,
 author = {Michail, Amir and Xie, Tao},
 title = {Helping Users Avoid Bugs in GUI Applications},
 booktitle = {Proceedings of the 27th International Conference on Software Engineering},
 series = {ICSE '05},
 year = {2005},
 isbn = {1-58113-963-2},
 location = {St. Louis, MO, USA},
 pages = {107--116},
 numpages = {10},
 url = {http://doi.acm.org/10.1145/1062455.1062490},
 doi = {10.1145/1062455.1062490},
 acmid = {1062490},
 publisher = {ACM},
 address = {New York, NY, USA},
 keywords = {bug prediction, bug tracking system, fault evasion, gui applications, software testing, software tools},
}

@inproceedings{Koponen:2006:EFO:1193212.1193822,
 author = {Koponen, Timo},
 title = {Evaluation Framework for Open Source Software Maintenance},
 booktitle = {Proceedings of the International Conference on Software Engineering Advances},
 series = {ICSEA '06},
 year = {2006},
 isbn = {0-7695-2703-5},
 pages = {52--},
 url = {http://dx.doi.org/10.1109/ICSEA.2006.39},
 doi = {10.1109/ICSEA.2006.39},
 acmid = {1193822},
 publisher = {IEEE Computer Society},
 address = {Washington, DC, USA},
 keywords = {Problem tracking, issue tracking, bug report, software modification, defect life cycle, metrics},
}

@inproceedings{Aggarwal:2014:MIT:2593801.2593810,
 author = {Aggarwal, Ayushi and Waghmare, Gajendra and Sureka, Ashish},
 title = {Mining Issue Tracking Systems Using Topic Models for Trend Analysis, Corpus Exploration, and Understanding Evolution},
 booktitle = {Proceedings of the 3rd International Workshop on Realizing Artificial Intelligence Synergies in Software Engineering},
 series = {RAISE 2014},
 year = {2014},
 isbn = {978-1-4503-2846-3},
 location = {Hyderabad, India},
 pages = {52--58},
 numpages = {7},
 url = {http://doi.acm.org/10.1145/2593801.2593810},
 doi = {10.1145/2593801.2593810},
 acmid = {2593810},
 publisher = {ACM},
 address = {New York, NY, USA},
 keywords = {Bugs, Defect Tracking System, Google Chromium, Issue Tracking System, Latent Dirichlet Allocation, Software Maintenance, Topic Modeling},
}

@inproceedings{Lal:2012:CSB:2452575.2454415,
 author = {Lal, Sangeeta and Sureka, Ashish},
 title = {Comparison of Seven Bug Report Types: A Case-Study of Google Chrome Browser Project},
 booktitle = {Proceedings of the 2012 19th Asia-Pacific Software Engineering Conference - Volume 01},
 series = {APSEC '12},
 year = {2012},
 isbn = {978-0-7695-4922-4},
 pages = {517--526},
 numpages = {10},
 url = {http://dx.doi.org/10.1109/APSEC.2012.54},
 doi = {10.1109/APSEC.2012.54},
 acmid = {2454415},
 publisher = {IEEE Computer Society},
 address = {Washington, DC, USA},
 keywords = {Mining Software Repositories, Software Maintenance, Issue Tracking Systems, Mining Bug Archives},
}

@inproceedings{Lotufo:2012:TIB:2664446.2664448,
 author = {Lotufo, Rafael and Passos, Leonardo and Czarnecki, Krzysztof},
 title = {Towards Improving Bug Tracking Systems with Game Mechanisms},
 booktitle = {Proceedings of the 9th IEEE Working Conference on Mining Software Repositories},
 series = {MSR '12},
 year = {2012},
 isbn = {978-1-4673-1761-0},
 location = {Zurich, Switzerland},
 pages = {2--11},
 numpages = {10},
 url = {http://dl.acm.org/citation.cfm?id=2664446.2664448},
 acmid = {2664448},
 publisher = {IEEE Press},
 address = {Piscataway, NJ, USA},
}

@inproceedings{Banerjee:2012:ADB:2417496.2417520,
 author = {Banerjee, Sean and Cukic, Bojan and Adjeroh, Donald},
 title = {Automated Duplicate Bug Report Classification Using Subsequence Matching},
 booktitle = {Proceedings of the 2012 IEEE 14th International Symposium on High-Assurance Systems Engineering},
 series = {HASE '12},
 year = {2012},
 isbn = {978-0-7695-4912-5},
 pages = {74--81},
 numpages = {8},
 url = {http://dx.doi.org/10.1109/HASE.2012.38},
 doi = {10.1109/HASE.2012.38},
 acmid = {2417520},
 publisher = {IEEE Computer Society},
 address = {Washington, DC, USA},
 keywords = {String Algorithms, Duplicate Bug Reports, Documentation, Experimentation, Verification},
}

@inproceedings{Prifti:2011:DBD:2020390.2020398,
 author = {Prifti, Tomi and Banerjee, Sean and Cukic, Bojan},
 title = {Detecting Bug Duplicate Reports Through Local References},
 booktitle = {Proceedings of the 7th International Conference on Predictive Models in Software Engineering},
 series = {Promise '11},
 year = {2011},
 isbn = {978-1-4503-0709-3},
 location = {Banff, Alberta, Canada},
 pages = {8:1--8:9},
 articleno = {8},
 numpages = {9},
 url = {http://doi.acm.org/10.1145/2020390.2020398},
 doi = {10.1145/2020390.2020398},
 acmid = {2020398},
 publisher = {ACM},
 address = {New York, NY, USA},
 keywords = {bug tacking systems, duplicate bug reports, software maintenance, software quality},
}

@inproceedings{Gupta:2014:NMB:2590748.2590749,
 author = {Gupta, Monika and Sureka, Ashish},
 title = {Nirikshan: Mining Bug Report History for Discovering Process Maps, Inefficiencies and Inconsistencies},
 booktitle = {Proceedings of the 7th India Software Engineering Conference},
 series = {ISEC '14},
 year = {2014},
 isbn = {978-1-4503-2776-3},
 location = {Chennai, India},
 pages = {1:1--1:10},
 articleno = {1},
 numpages = {10},
 url = {http://doi.acm.org/10.1145/2590748.2590749},
 doi = {10.1145/2590748.2590749},
 acmid = {2590749},
 publisher = {ACM},
 address = {New York, NY, USA},
 keywords = {empirical software engineering and measurements, issue tracking system, mining software repositories, open-source software, process mining, software maintenance},
}

@inproceedings{Rastogi:2013:SMI:2442754.2442757,
 author = {Rastogi, Ayushi and Gupta, Arpit and Sureka, Ashish},
 title = {Samiksha: Mining Issue Tracking System for Contribution and Performance Assessment},
 booktitle = {Proceedings of the 6th India Software Engineering Conference},
 series = {ISEC '13},
 year = {2013},
 isbn = {978-1-4503-1987-4},
 location = {New Delhi, India},
 pages = {13--22},
 numpages = {10},
 url = {http://doi.acm.org/10.1145/2442754.2442757},
 doi = {10.1145/2442754.2442757},
 acmid = {2442757},
 publisher = {ACM},
 address = {New York, NY, USA},
 keywords = {developer contribution assessment, issue tracking system, mining software repositories, software maintenance},
}

@inproceedings{Tian:2012:IDB:2191744.2192585,
 author = {Tian, Yuan and Sun, Chengnian and Lo, David},
 title = {Improved Duplicate Bug Report Identification},
 booktitle = {Proceedings of the 2012 16th European Conference on Software Maintenance and Reengineering},
 series = {CSMR '12},
 year = {2012},
 isbn = {978-0-7695-4666-7},
 pages = {385--390},
 numpages = {6},
 url = {http://dx.doi.org/10.1109/CSMR.2012.48},
 doi = {10.1109/CSMR.2012.48},
 acmid = {2192585},
 publisher = {IEEE Computer Society},
 address = {Washington, DC, USA},
 keywords = {Duplicate bug reports, relative similarity, Bugzilla},
}

@inproceedings{Sun:2011:TMA:2190078.2190180,
 author = {Sun, Chengnian and Lo, David and Khoo, Siau-Cheng and Jiang, Jing},
 title = {Towards More Accurate Retrieval of Duplicate Bug Reports},
 booktitle = {Proceedings of the 2011 26th IEEE/ACM International Conference on Automated Software Engineering},
 series = {ASE '11},
 year = {2011},
 isbn = {978-1-4577-1638-6},
 pages = {253--262},
 numpages = {10},
 url = {http://dx.doi.org/10.1109/ASE.2011.6100061},
 doi = {10.1109/ASE.2011.6100061},
 acmid = {2190180},
 publisher = {IEEE Computer Society},
 address = {Washington, DC, USA},
}

@inproceedings{Kshirsagar:2015:ITS:2818567.2818575,
 author = {Kshirsagar, Aniruddha Prakash and Chandre, Pankaj R.},
 title = {Issue Tracking System with Duplicate Issue Detection},
 booktitle = {Proceedings of the Sixth International Conference on Computer and Communication Technology 2015},
 series = {ICCCT '15},
 year = {2015},
 isbn = {978-1-4503-3552-2},
 location = {Allahabad, India},
 pages = {41--45},
 numpages = {5},
 url = {http://doi.acm.org/10.1145/2818567.2818575},
 doi = {10.1145/2818567.2818575},
 acmid = {2818575},
 publisher = {ACM},
 address = {New York, NY, USA},
 keywords = {Duplicate detection, ITS, Issue, QAS, bugs},
}

@inproceedings{Gupta:2014:PMM:2597073.2597081,
 author = {Gupta, Monika and Sureka, Ashish and Padmanabhuni, Srinivas},
 title = {Process Mining Multiple Repositories for Software Defect Resolution from Control and Organizational Perspective},
 booktitle = {Proceedings of the 11th Working Conference on Mining Software Repositories},
 series = {MSR 2014},
 year = {2014},
 isbn = {978-1-4503-2863-0},
 location = {Hyderabad, India},
 pages = {122--131},
 numpages = {10},
 url = {http://doi.acm.org/10.1145/2597073.2597081},
 doi = {10.1145/2597073.2597081},
 acmid = {2597081},
 publisher = {ACM},
 address = {New York, NY, USA},
 keywords = {Empirical Software Engineering and Measurements, Issue Tracking System, Peer Code Review System, Process Mining, Social Network Analysis, Software Maintenance},
}

@inproceedings{Koopaei:2015:CAD:2886444.2886474,
 author = {Koopaei, Neda Ebrahimi and Hamou-Lhadj, Abdelwahab},
 title = {CrashAutomata: An Approach for the Detection of Duplicate Crash Reports Based on Generalizable Automata},
 booktitle = {Proceedings of the 25th Annual International Conference on Computer Science and Software Engineering},
 series = {CASCON '15},
 year = {2015},
 location = {Markham, Canada},
 pages = {201--210},
 numpages = {10},
 url = {http://dl.acm.org/citation.cfm?id=2886444.2886474},
 acmid = {2886474},
 publisher = {IBM Corp.},
 address = {Riverton, NJ, USA},
 keywords = {automata-based modeling, duplicate bug reports, mining bug repositories, software maintenance},
}

@inproceedings{Xuan:2012:DPB:2337223.2337227,
 author = {Xuan, Jifeng and Jiang, He and Ren, Zhilei and Zou, Weiqin},
 title = {Developer Prioritization in Bug Repositories},
 booktitle = {Proceedings of the 34th International Conference on Software Engineering},
 series = {ICSE '12},
 year = {2012},
 isbn = {978-1-4673-1067-3},
 location = {Zurich, Switzerland},
 pages = {25--35},
 numpages = {11},
 url = {http://dl.acm.org/citation.cfm?id=2337223.2337227},
 acmid = {2337227},
 publisher = {IEEE Press},
 address = {Piscataway, NJ, USA},
}

@inproceedings{Wang:2008:ADD:1368088.1368151,
 author = {Wang, Xiaoyin and Zhang, Lu and Xie, Tao and Anvik, John and Sun, Jiasu},
 title = {An Approach to Detecting Duplicate Bug Reports Using Natural Language and Execution Information},
 booktitle = {Proceedings of the 30th International Conference on Software Engineering},
 series = {ICSE '08},
 year = {2008},
 isbn = {978-1-60558-079-1},
 location = {Leipzig, Germany},
 pages = {461--470},
 numpages = {10},
 url = {http://doi.acm.org/10.1145/1368088.1368151},
 doi = {10.1145/1368088.1368151},
 acmid = {1368151},
 publisher = {ACM},
 address = {New York, NY, USA},
 keywords = {duplicate bug report, execution information, information retrieval},
}

@inproceedings{Zhang:2013:HNA:2569431.2569763,
 author = {Zhang, Wen and Wang, Song and Yang, Ye and Wang, Qing},
 title = {Heterogeneous Network Analysis of Developer Contribution in Bug Repositories},
 booktitle = {Proceedings of the 2013 International Conference on Cloud and Service Computing},
 series = {CSC '13},
 year = {2013},
 isbn = {978-0-7695-5157-9},
 pages = {98--105},
 numpages = {8},
 url = {http://dx.doi.org/10.1109/CSC.2013.23},
 doi = {10.1109/CSC.2013.23},
 acmid = {2569763},
 publisher = {IEEE Computer Society},
 address = {Washington, DC, USA},
 keywords = {bug triage, developer contribution, heterogeneous network},
}

@article{Xia:2015:AHA:2737603.2737646,
 author = {Xia, Xin and Lo, David and Shihab, Emad and Wang, Xinyu and Zhou, Bo},
 title = {Automatic, High Accuracy Prediction of Reopened Bugs},
 journal = {Automated Software Engg.},
 issue_date = {March     2015},
 volume = {22},
 number = {1},
 month = mar,
 year = {2015},
 issn = {0928-8910},
 pages = {75--109},
 numpages = {35},
 url = {http://dx.doi.org/10.1007/s10515-014-0162-2},
 doi = {10.1007/s10515-014-0162-2},
 acmid = {2737646},
 publisher = {Kluwer Academic Publishers},
 address = {Hingham, MA, USA},
 keywords = {Imbalanced feature selection, Imbalanced learning, Reopened bugs},
}

@inproceedings{Somasundaram:2012:ACB:2134254.2134276,
 author = {Somasundaram, Kalyanasundaram and Murphy, Gail C.},
 title = {Automatic Categorization of Bug Reports Using Latent Dirichlet Allocation},
 booktitle = {Proceedings of the 5th India Software Engineering Conference},
 series = {ISEC '12},
 year = {2012},
 isbn = {978-1-4503-1142-7},
 location = {Kanpur, India},
 pages = {125--130},
 numpages = {6},
 url = {http://doi.acm.org/10.1145/2134254.2134276},
 doi = {10.1145/2134254.2134276},
 acmid = {2134276},
 publisher = {ACM},
 address = {New York, NY, USA},
 keywords = {component recommendation, recommendation system, software bug triage},
}

@inproceedings{Song:2010:JDD:1810295.1810368,
 author = {Song, Yoonki and Wang, Xiaoyin and Xie, Tao and Zhang, Lu and Mei, Hong},
 title = {JDF: Detecting Duplicate Bug Reports in Jazz},
 booktitle = {Proceedings of the 32Nd ACM/IEEE International Conference on Software Engineering - Volume 2},
 series = {ICSE '10},
 year = {2010},
 isbn = {978-1-60558-719-6},
 location = {Cape Town, South Africa},
 pages = {315--316},
 numpages = {2},
 url = {http://doi.acm.org/10.1145/1810295.1810368},
 doi = {10.1145/1810295.1810368},
 acmid = {1810368},
 publisher = {ACM},
 address = {New York, NY, USA},
 keywords = {bug report, execution information, information retrieval},
}

@inproceedings{DucAnh:2011:EVH:2020390.2020403,
 author = {Duc Anh, Nguyen and Cruzes, Daniela S. and Conradi, Reidar and Ayala, Claudia},
 title = {Empirical Validation of Human Factors in Predicting Issue Lead Time in Open Source Projects},
 booktitle = {Proceedings of the 7th International Conference on Predictive Models in Software Engineering},
 series = {Promise '11},
 year = {2011},
 isbn = {978-1-4503-0709-3},
 location = {Banff, Alberta, Canada},
 pages = {13:1--13:10},
 articleno = {13},
 numpages = {10},
 url = {http://doi.acm.org/10.1145/2020390.2020403},
 doi = {10.1145/2020390.2020403},
 acmid = {2020403},
 publisher = {ACM},
 address = {New York, NY, USA},
 keywords = {bug lead time, bug prediction, bug triage, classification model, empirical study, issue lead time, issue resolution time, regression model},
}

@inproceedings{Davies:2014:WBR:2652524.2652541,
 author = {Davies, Steven and Roper, Marc},
 title = {What's in a Bug Report?},
 booktitle = {Proceedings of the 8th ACM/IEEE International Symposium on Empirical Software Engineering and Measurement},
 series = {ESEM '14},
 year = {2014},
 isbn = {978-1-4503-2774-9},
 location = {Torino, Italy},
 pages = {26:1--26:10},
 articleno = {26},
 numpages = {10},
 url = {http://doi.acm.org/10.1145/2652524.2652541},
 doi = {10.1145/2652524.2652541},
 acmid = {2652541},
 publisher = {ACM},
 address = {New York, NY, USA},
 keywords = {bug report, bug repository, software maintenance},
}

@inproceedings{Anvik:2005:COB:1117696.1117704,
 author = {Anvik, John and Hiew, Lyndon and Murphy, Gail C.},
 title = {Coping with an Open Bug Repository},
 booktitle = {Proceedings of the 2005 OOPSLA Workshop on Eclipse Technology eXchange},
 series = {eclipse '05},
 year = {2005},
 isbn = {1-59593-342-5},
 location = {San Diego, California},
 pages = {35--39},
 numpages = {5},
 url = {http://doi.acm.org/10.1145/1117696.1117704},
 doi = {10.1145/1117696.1117704},
 acmid = {1117704},
 publisher = {ACM},
 address = {New York, NY, USA},
 keywords = {bugzilla, duplicate detection, machine learning, triage},
}

@inproceedings{Thung:2014:BIT:2635868.2661678,
 author = {Thung, Ferdian and Le, Tien-Duy B. and Kochhar, Pavneet Singh and Lo, David},
 title = {BugLocalizer: Integrated Tool Support for Bug Localization},
 booktitle = {Proceedings of the 22Nd ACM SIGSOFT International Symposium on Foundations of Software Engineering},
 series = {FSE 2014},
 year = {2014},
 isbn = {978-1-4503-3056-5},
 location = {Hong Kong, China},
 pages = {767--770},
 numpages = {4},
 url = {http://doi.acm.org/10.1145/2635868.2661678},
 doi = {10.1145/2635868.2661678},
 acmid = {2661678},
 publisher = {ACM},
 address = {New York, NY, USA},
 keywords = {Bug localization, Bugzilla, git},
}

@inproceedings{Mani:2012:AAU:2393596.2393607,
 author = {Mani, Senthil and Catherine, Rose and Sinha, Vibha Singhal and Dubey, Avinava},
 title = {AUSUM: Approach for Unsupervised Bug Report Summarization},
 booktitle = {Proceedings of the ACM SIGSOFT 20th International Symposium on the Foundations of Software Engineering},
 series = {FSE '12},
 year = {2012},
 isbn = {978-1-4503-1614-9},
 location = {Cary, North Carolina},
 pages = {11:1--11:11},
 articleno = {11},
 numpages = {11},
 url = {http://doi.acm.org/10.1145/2393596.2393607},
 doi = {10.1145/2393596.2393607},
 acmid = {2393607},
 publisher = {ACM},
 address = {New York, NY, USA},
 keywords = {bug report, summarization, unsupervised},
}

@inproceedings{Moran:2015:ABR:2786805.2786857,
 author = {Moran, Kevin and Linares-V\'{a}squez, Mario and Bernal-C\'{a}rdenas, Carlos and Poshyvanyk, Denys},
 title = {Auto-completing Bug Reports for Android Applications},
 booktitle = {Proceedings of the 2015 10th Joint Meeting on Foundations of Software Engineering},
 series = {ESEC/FSE 2015},
 year = {2015},
 isbn = {978-1-4503-3675-8},
 location = {Bergamo, Italy},
 pages = {673--686},
 numpages = {14},
 url = {http://doi.acm.org/10.1145/2786805.2786857},
 doi = {10.1145/2786805.2786857},
 acmid = {2786857},
 publisher = {ACM},
 address = {New York, NY, USA},
 keywords = {Bug reports, android, auto-completion, reproduction steps},
}

@inproceedings{Gupta:2014:PCS:2757815.2758026,
 author = {Gupta, Monika and Sureka, Ashish},
 title = {Process Cube for Software Defect Resolution},
 booktitle = {Proceedings of the 2014 21st Asia-Pacific Software Engineering Conference - Volume 01},
 series = {APSEC '14},
 year = {2014},
 isbn = {978-1-4799-7426-9},
 pages = {239--246},
 numpages = {8},
 url = {http://dx.doi.org/10.1109/APSEC.2014.45},
 doi = {10.1109/APSEC.2014.45},
 acmid = {2758026},
 publisher = {IEEE Computer Society},
 address = {Washington, DC, USA},
 keywords = {Empirical Software Engineering, Issue Tracking System, Mining Software Repositories, OLAP, Peer Code Review System, Process Cube, Process Mining, Version Control System},
}

@inproceedings{Bangcharoensap:2012:LSC:2419061.2419428,
 author = {Bangcharoensap, Phiradet and Ihara, Akinori and Kamei, Yasutaka and Matsumoto, Ken-ichi},
 title = {Locating Source Code to Be Fixed Based on Initial Bug Reports - A Case Study on the Eclipse Project},
 booktitle = {Proceedings of the 2012 Fourth International Workshop on Empirical Software Engineering in Practice},
 series = {IWESEP '12},
 year = {2012},
 isbn = {978-0-7695-4866-1},
 pages = {10--15},
 numpages = {6},
 url = {http://dx.doi.org/10.1109/IWESEP.2012.14},
 doi = {10.1109/IWESEP.2012.14},
 acmid = {2419428},
 publisher = {IEEE Computer Society},
 address = {Washington, DC, USA},
 keywords = {Bug localization, Text mining, Code mining, Change history mining},
}

@inproceedings{Sun:2010:DMA:1806799.1806811,
 author = {Sun, Chengnian and Lo, David and Wang, Xiaoyin and Jiang, Jing and Khoo, Siau-Cheng},
 title = {A Discriminative Model Approach for Accurate Duplicate Bug Report Retrieval},
 booktitle = {Proceedings of the 32Nd ACM/IEEE International Conference on Software Engineering - Volume 1},
 series = {ICSE '10},
 year = {2010},
 isbn = {978-1-60558-719-6},
 location = {Cape Town, South Africa},
 pages = {45--54},
 numpages = {10},
 url = {http://doi.acm.org/10.1145/1806799.1806811},
 doi = {10.1145/1806799.1806811},
 acmid = {1806811},
 publisher = {ACM},
 address = {New York, NY, USA},
}

@inproceedings{Kochhar:2014:AFI:2680613.2680809,
 author = {Kochhar, Pavneet Singh and Thung, Ferdian and Lo, David},
 title = {Automatic Fine-Grained Issue Report Reclassification},
 booktitle = {Proceedings of the 2014 19th International Conference on Engineering of Complex Computer Systems},
 series = {ICECCS '14},
 year = {2014},
 isbn = {978-1-4799-5482-7},
 pages = {126--135},
 numpages = {10},
 url = {http://dx.doi.org/10.1109/ICECCS.2014.25},
 doi = {10.1109/ICECCS.2014.25},
 acmid = {2680809},
 publisher = {IEEE Computer Society},
 address = {Washington, DC, USA},
 keywords = {Issue Reports, Fine-Grained, Reclassification},
}

@inproceedings{Correa:2013:SBE:2623202.2623257,
 author = {Correa, Denzil and Lal, Sangeeta and Saini, Apoorv and Sureka, Ashish},
 title = {Samekana: A Browser Extension for Including Relevant Web Links in Issue Tracking System Discussion Forum},
 booktitle = {Proceedings of the 2013 20th Asia-Pacific Software Engineering Conference (APSEC) - Volume 01},
 series = {APSEC '13},
 year = {2013},
 isbn = {978-1-4799-2144-7},
 pages = {25--33},
 numpages = {9},
 url = {http://dx.doi.org/10.1109/APSEC.2013.15},
 doi = {10.1109/APSEC.2013.15},
 acmid = {2623257},
 publisher = {IEEE Computer Society},
 address = {Washington, DC, USA},
 keywords = {Mining Software Repositories (MSR), Empirical Software Engineering and Measurements (ESEM), Software Maintenance, Mining Bug Reports, Developer Productivity Tool},
}

@inproceedings{Tu:2014:MQI:2677832.2677844,
 author = {Tu, Feifei and Zhang, Feixue},
 title = {Measuring the Quality of Issue Tracking Data},
 booktitle = {Proceedings of the 6th Asia-Pacific Symposium on Internetware on Internetware},
 series = {INTERNETWARE 2014},
 year = {2014},
 isbn = {978-1-4503-3303-0},
 location = {Hong Kong, China},
 pages = {76--79},
 numpages = {4},
 url = {http://doi.acm.org/10.1145/2677832.2677844},
 doi = {10.1145/2677832.2677844},
 acmid = {2677844},
 publisher = {ACM},
 address = {New York, NY, USA},
 keywords = {Data Quality, Issue Report, Quality Evaluator},
}

@inproceedings{Banitaan:2013:DUD:2584691.2584730,
 author = {Banitaan, Shadi and Alenezi, Mamdouh},
 title = {DECOBA: Utilizing Developers Communities in Bug Assignment},
 booktitle = {Proceedings of the 2013 12th International Conference on Machine Learning and Applications - Volume 02},
 series = {ICMLA '13},
 year = {2013},
 isbn = {978-0-7695-5144-9},
 pages = {66--71},
 numpages = {6},
 url = {http://dx.doi.org/10.1109/ICMLA.2013.107},
 doi = {10.1109/ICMLA.2013.107},
 acmid = {2584730},
 publisher = {IEEE Computer Society},
 address = {Washington, DC, USA},
 keywords = {Developers Social Network, Community Detection, Bug Report Assignment, Developer Ranking},
}

@inproceedings{Romo:2014:FGD:2641580.2641592,
 author = {Romo, Bilyaminu Auwal and Capiluppi, Andrea and Hall, Tracy},
 title = {Filling the Gaps of Development Logs and Bug Issue Data},
 booktitle = {Proceedings of The International Symposium on Open Collaboration},
 series = {OpenSym '14},
 year = {2014},
 isbn = {978-1-4503-3016-9},
 location = {Berlin, Germany},
 pages = {8:1--8:4},
 articleno = {8},
 numpages = {4},
 url = {http://doi.acm.org/10.1145/2641580.2641592},
 doi = {10.1145/2641580.2641592},
 acmid = {2641592},
 publisher = {ACM},
 address = {New York, NY, USA},
 keywords = {Bug traceability, bug-fixing commits},
}

@inproceedings{Breu:2010:INB:1718918.1718973,
 author = {Breu, Silvia and Premraj, Rahul and Sillito, Jonathan and Zimmermann, Thomas},
 title = {Information Needs in Bug Reports: Improving Cooperation Between Developers and Users},
 booktitle = {Proceedings of the 2010 ACM Conference on Computer Supported Cooperative Work},
 series = {CSCW '10},
 year = {2010},
 isbn = {978-1-60558-795-0},
 location = {Savannah, Georgia, USA},
 pages = {301--310},
 numpages = {10},
 url = {http://doi.acm.org/10.1145/1718918.1718973},
 doi = {10.1145/1718918.1718973},
 acmid = {1718973},
 publisher = {ACM},
 address = {New York, NY, USA},
 keywords = {bug reports, information needs, question time, questions, response rate, response time},
}

@inproceedings{Habayeb:2015:FTD:2820518.2820597,
 author = {Habayeb, Mayy and Miranskyy, Andriy and Murtaza, Syed Shariyar and Buchanan, Leotis and Bener, Ayse},
 title = {The Firefox Temporal Defect Dataset},
 booktitle = {Proceedings of the 12th Working Conference on Mining Software Repositories},
 series = {MSR '15},
 year = {2015},
 location = {Florence, Italy},
 pages = {498--501},
 numpages = {4},
 url = {http://dl.acm.org/citation.cfm?id=2820518.2820597},
 acmid = {2820597},
 publisher = {IEEE Press},
 address = {Piscataway, NJ, USA},
}

@inproceedings{Mani:2013:BRC:2487085.2487124,
 author = {Mani, Senthil and Nagar, Seema and Mukherjee, Debdoot and Narayanam, Ramasuri and Sinha, Vibha Singhal and Nanavati, Amit A.},
 title = {Bug Resolution Catalysts: Identifying Essential Non-committers from Bug Repositories},
 booktitle = {Proceedings of the 10th Working Conference on Mining Software Repositories},
 series = {MSR '13},
 year = {2013},
 isbn = {978-1-4673-2936-1},
 location = {San Francisco, CA, USA},
 pages = {193--202},
 numpages = {10},
 url = {http://dl.acm.org/citation.cfm?id=2487085.2487124},
 acmid = {2487124},
 publisher = {IEEE Press},
 address = {Piscataway, NJ, USA},
}

@inproceedings{Baysal:2013:SAP:2486788.2486957,
 author = {Baysal, Olga and Holmes, Reid and Godfrey, Michael W.},
 title = {Situational Awareness: Personalizing Issue Tracking Systems},
 booktitle = {Proceedings of the 2013 International Conference on Software Engineering},
 series = {ICSE '13},
 year = {2013},
 isbn = {978-1-4673-3076-3},
 location = {San Francisco, CA, USA},
 pages = {1185--1188},
 numpages = {4},
 url = {http://dl.acm.org/citation.cfm?id=2486788.2486957},
 acmid = {2486957},
 publisher = {IEEE Press},
 address = {Piscataway, NJ, USA},
}

@inproceedings{Hosseini:2012:MBA:2191744.2192559,
 author = {Hosseini, Hadi and Nguyen, Raymond and Godfrey, Michael W.},
 title = {A Market-Based Bug Allocation Mechanism Using Predictive Bug Lifetimes},
 booktitle = {Proceedings of the 2012 16th European Conference on Software Maintenance and Reengineering},
 series = {CSMR '12},
 year = {2012},
 isbn = {978-0-7695-4666-7},
 pages = {149--158},
 numpages = {10},
 url = {http://dx.doi.org/10.1109/CSMR.2012.25},
 doi = {10.1109/CSMR.2012.25},
 acmid = {2192559},
 publisher = {IEEE Computer Society},
 address = {Washington, DC, USA},
 keywords = {Multiagent system, market mechanism, bug lifetime, bug repositories},
}

@inproceedings{Romo:2015:TAT:2745802.2745833,
 author = {Romo, Bilyaminu Auwal and Capiluppi, Andrea},
 title = {Towards an Automation of the Traceability of Bugs from Development Logs: A Study Based on Open Source Software},
 booktitle = {Proceedings of the 19th International Conference on Evaluation and Assessment in Software Engineering},
 series = {EASE '15},
 year = {2015},
 isbn = {978-1-4503-3350-4},
 location = {Nanjing, China},
 pages = {33:1--33:6},
 articleno = {33},
 numpages = {6},
 url = {http://doi.acm.org/10.1145/2745802.2745833},
 doi = {10.1145/2745802.2745833},
 acmid = {2745833},
 publisher = {ACM},
 address = {New York, NY, USA},
 keywords = {bug accuracy, bug traceability, bug-fixing commits},
}

@inproceedings{Wong:2014:BBF:2705615.2706096,
 author = {Wong, Chu-Pan and Xiong, Yingfei and Zhang, Hongyu and Hao, Dan and Zhang, Lu and Mei, Hong},
 title = {Boosting Bug-Report-Oriented Fault Localization with Segmentation and Stack-Trace Analysis},
 booktitle = {Proceedings of the 2014 IEEE International Conference on Software Maintenance and Evolution},
 series = {ICSME '14},
 year = {2014},
 isbn = {978-1-4799-6146-7},
 pages = {181--190},
 numpages = {10},
 url = {http://dx.doi.org/10.1109/ICSME.2014.40},
 doi = {10.1109/ICSME.2014.40},
 acmid = {2706096},
 publisher = {IEEE Computer Society},
 address = {Washington, DC, USA},
 keywords = {fault localization, bug report, feature location, information retrieval},
}

@inproceedings{Naguib:2013:BRA:2487085.2487091,
 author = {Naguib, Hoda and Narayan, Nitesh and Br\"{u}gge, Bernd and Helal, Dina},
 title = {Bug Report Assignee Recommendation Using Activity Profiles},
 booktitle = {Proceedings of the 10th Working Conference on Mining Software Repositories},
 series = {MSR '13},
 year = {2013},
 isbn = {978-1-4673-2936-1},
 location = {San Francisco, CA, USA},
 pages = {22--30},
 numpages = {9},
 url = {http://dl.acm.org/citation.cfm?id=2487085.2487091},
 acmid = {2487091},
 publisher = {IEEE Press},
 address = {Piscataway, NJ, USA},
}

@inproceedings{Correa:2013:IIT:2510148.2510214,
 author = {Correa, Denzil and Sureka, Ashish},
 title = {Integrating Issue Tracking Systems with Community-Based Question and Answering Websites},
 booktitle = {Proceedings of the 2013 22Nd Australian Conference on Software Engineering},
 series = {ASWEC '13},
 year = {2013},
 isbn = {978-0-7695-4995-8},
 pages = {88--96},
 numpages = {9},
 url = {http://dx.doi.org/10.1109/ASWEC.2013.20},
 doi = {10.1109/ASWEC.2013.20},
 acmid = {2510214},
 publisher = {IEEE Computer Society},
 address = {Washington, DC, USA},
 keywords = {Mining Software Repositories (MSR), Empirical Software Engineering and Measurements (ESEM), Social Media for Software Engineering, Software Maintenance, Community Driven Q\&A Website, Mining Bug Reports},
}

@inproceedings{Moran:2015:EAA:2786805.2807557,
 author = {Moran, Kevin},
 title = {Enhancing Android Application Bug Reporting},
 booktitle = {Proceedings of the 2015 10th Joint Meeting on Foundations of Software Engineering},
 series = {ESEC/FSE 2015},
 year = {2015},
 isbn = {978-1-4503-3675-8},
 location = {Bergamo, Italy},
 pages = {1045--1047},
 numpages = {3},
 url = {http://doi.acm.org/10.1145/2786805.2807557},
 doi = {10.1145/2786805.2807557},
 acmid = {2807557},
 publisher = {ACM},
 address = {New York, NY, USA},
 keywords = {Bug reports, android, auto-completion, reproduction steps},
}

@inproceedings{Vyas:2013:ESM:2525194.2525269,
 author = {Vyas, Dhaval},
 title = {Ethnography of Software Maintenance Activities in an Industrial Engineering Setup},
 booktitle = {Proceedings of the 11th Asia Pacific Conference on Computer Human Interaction},
 series = {APCHI '13},
 year = {2013},
 isbn = {978-1-4503-2253-9},
 location = {Bangalore, India},
 pages = {242--246},
 numpages = {5},
 url = {http://doi.acm.org/10.1145/2525194.2525269},
 doi = {10.1145/2525194.2525269},
 acmid = {2525269},
 publisher = {ACM},
 address = {New York, NY, USA},
 keywords = {design, ethnography, software bug-fixing},
}

@inproceedings{Caglayan:2012:FCR:2365324.2365327,
 author = {Caglayan, Bora and Misirli, Ayse Tosun and Miranskyy, Andriy and Turhan, Burak and Bener, Ayse},
 title = {Factors Characterizing Reopened Issues: A Case Study},
 booktitle = {Proceedings of the 8th International Conference on Predictive Models in Software Engineering},
 series = {PROMISE '12},
 year = {2012},
 isbn = {978-1-4503-1241-7},
 location = {Lund, Sweden},
 pages = {1--10},
 numpages = {10},
 url = {http://doi.acm.org/10.1145/2365324.2365327},
 doi = {10.1145/2365324.2365327},
 acmid = {2365327},
 publisher = {ACM},
 address = {New York, NY, USA},
 keywords = {issue management, issue reopening, issue repository, software maintenance},
}

@article{Zimmermann:2010:MGB:1907658.1908089,
 author = {Zimmermann, Thomas and Premraj, Rahul and Bettenburg, Nicolas and Just, Sascha and Schroter, Adrian and Weiss, Cathrin},
 title = {What Makes a Good Bug Report?},
 journal = {IEEE Trans. Softw. Eng.},
 issue_date = {September 2010},
 volume = {36},
 number = {5},
 month = sep,
 year = {2010},
 issn = {0098-5589},
 pages = {618--643},
 numpages = {26},
 url = {http://dx.doi.org/10.1109/TSE.2010.63},
 doi = {10.1109/TSE.2010.63},
 acmid = {1908089},
 publisher = {IEEE Press},
 address = {Piscataway, NJ, USA},
 keywords = {Testing and debugging, Testing and debugging, distribution, maintenance, and enhancement, human factors, management, measurement., and enhancement, distribution, human factors, maintenance, management, measurement.},
}

@article{Callahan:1998:WIT:613212.613300,
 author = {Callahan, John R. and Khatsuriya, Reshma R. and Hefner, Randy},
 title = {Web-Based Issue Tracking for Large Software Projects},
 journal = {IEEE Internet Computing},
 issue_date = {September 1998},
 volume = {2},
 number = {5},
 month = sep,
 year = {1998},
 issn = {1089-7801},
 pages = {25--33},
 numpages = {9},
 url = {http://dx.doi.org/10.1109/4236.722227},
 doi = {10.1109/4236.722227},
 acmid = {613300},
 publisher = {IEEE Educational Activities Department},
 address = {Piscataway, NJ, USA},
}

@inproceedings{Lerch:2013:FDY:2495256.2495763,
 author = {Lerch, Johannes and Mezini, Mira},
 title = {Finding Duplicates of Your Yet Unwritten Bug Report},
 booktitle = {Proceedings of the 2013 17th European Conference on Software Maintenance and Reengineering},
 series = {CSMR '13},
 year = {2013},
 isbn = {978-0-7695-4948-4},
 pages = {69--78},
 numpages = {10},
 url = {http://dx.doi.org/10.1109/CSMR.2013.17},
 doi = {10.1109/CSMR.2013.17},
 acmid = {2495763},
 publisher = {IEEE Computer Society},
 address = {Washington, DC, USA},
 keywords = {stack trace, duplicate detection, bug report},
}

@inproceedings{Bettenburg:2007:QBR:1328279.1328284,
 author = {Bettenburg, Nicolas and Just, Sascha and Schr\"{o}ter, Adrian and Wei\ss, Cathrin and Premraj, Rahul and Zimmermann, Thomas},
 title = {Quality of Bug Reports in Eclipse},
 booktitle = {Proceedings of the 2007 OOPSLA Workshop on Eclipse Technology eXchange},
 series = {eclipse '07},
 year = {2007},
 isbn = {978-1-60558-015-9},
 location = {Montreal, Quebec, Canada},
 pages = {21--25},
 numpages = {5},
 url = {http://doi.acm.org/10.1145/1328279.1328284},
 doi = {10.1145/1328279.1328284},
 acmid = {1328284},
 publisher = {ACM},
 address = {New York, NY, USA},
}

@article{Tian:2015:APB:2821954.2821959,
 author = {Tian, Yuan and Lo, David and Xia, Xin and Sun, Chengnian},
 title = {Automated Prediction of Bug Report Priority Using Multi-factor Analysis},
 journal = {Empirical Softw. Engg.},
 issue_date = {October   2015},
 volume = {20},
 number = {5},
 month = oct,
 year = {2015},
 issn = {1382-3256},
 pages = {1354--1383},
 numpages = {30},
 url = {http://dx.doi.org/10.1007/s10664-014-9331-y},
 doi = {10.1007/s10664-014-9331-y},
 acmid = {2821959},
 publisher = {Kluwer Academic Publishers},
 address = {Hingham, MA, USA},
 keywords = {Bug report management, Multi-factor analysis, Priority prediction},
}

@inproceedings{Ortu:2015:JRD:2810146.2810147,
 author = {Ortu, Marco and Destefanis, Giuseppe and Adams, Bram and Murgia, Alessandro and Marchesi, Michele and Tonelli, Roberto},
 title = {The JIRA Repository Dataset: Understanding Social Aspects of Software Development},
 booktitle = {Proceedings of the 11th International Conference on Predictive Models and Data Analytics in Software Engineering},
 series = {PROMISE '15},
 year = {2015},
 isbn = {978-1-4503-3715-1},
 location = {Beijing, China},
 pages = {1:1--1:4},
 articleno = {1},
 numpages = {4},
 url = {http://doi.acm.org/10.1145/2810146.2810147},
 doi = {10.1145/2810146.2810147},
 acmid = {2810147},
 publisher = {ACM},
 address = {New York, NY, USA},
 keywords = {Affective Analysis, Issue Report, Mining software repository},
}

@article{Antoniol:2005:TIV:2772069.2772087,
 author = {Antoniol, Giuliano and Di Penta, Massimiliano and Gall, Harald and Pinzger, Martin},
 title = {Towards the Integration of Versioning Systems, Bug Reports and Source Code Meta-Models},
 journal = {Electron. Notes Theor. Comput. Sci.},
 issue_date = {April 2005},
 volume = {127},
 number = {3},
 month = apr,
 year = {2005},
 issn = {1571-0661},
 pages = {87--99},
 numpages = {13},
 url = {http://dx.doi.org/10.1016/j.entcs.2004.08.036},
 doi = {10.1016/j.entcs.2004.08.036},
 acmid = {2772087},
 publisher = {Elsevier Science Publishers B. V.},
 address = {Amsterdam, The Netherlands, The Netherlands},
 keywords = {Bug Reports, Object-Oriented Meta-Models, Release History, Source Code Analysis},
}

@inproceedings{White:2015:GRR:2820282.2820291,
 author = {White, Martin and Linares-V\'{a}squez, Mario and Johnson, Peter and Bernal-C\'{a}rdenas, Carlos and Poshyvanyk, Denys},
 title = {Generating Reproducible and Replayable Bug Reports from Android Application Crashes},
 booktitle = {Proceedings of the 2015 IEEE 23rd International Conference on Program Comprehension},
 series = {ICPC '15},
 year = {2015},
 location = {Florence, Italy},
 pages = {48--59},
 numpages = {12},
 url = {http://dl.acm.org/citation.cfm?id=2820282.2820291},
 acmid = {2820291},
 publisher = {IEEE Press},
 address = {Piscataway, NJ, USA},
 keywords = {Android, crash and bug reports, reproducibility},
}

@article{Tappolet:2010:SWE:1833903.1834015,
 author = {Tappolet, Jonas and Kiefer, Christoph and Bernstein, Abraham},
 title = {Semantic Web Enabled Software Analysis},
 journal = {Web Semant.},
 issue_date = {July, 2010},
 volume = {8},
 number = {2-3},
 month = jul,
 year = {2010},
 issn = {1570-8268},
 pages = {225--240},
 numpages = {16},
 url = {http://dx.doi.org/10.1016/j.websem.2010.04.009},
 doi = {10.1016/j.websem.2010.04.009},
 acmid = {1834015},
 publisher = {Elsevier Science Publishers B. V.},
 address = {Amsterdam, The Netherlands, The Netherlands},
 keywords = {Bug prediction, Software comprehension framework, Software evolution, Software release similarity},
}

@inproceedings{White:2015:GRR:2862749.2863013,
 author = {White, Martin and Linares-Vásquez, Mario and Johnson, Peter and Bernal-Cárdenas, Carlos and Poshyvanyk, Denys},
 title = {Generating Reproducible and Replayable Bug Reports from Android Application Crashes},
 booktitle = {Proceedings of the 2015 IEEE 23rd International Conference on Program Comprehension},
 series = {ICPC '15},
 year = {2015},
 isbn = {978-1-4673-8159-8},
 pages = {48--59},
 numpages = {12},
 url = {http://dx.doi.org/10.1109/ICPC.2015.14},
 doi = {10.1109/ICPC.2015.14},
 acmid = {2863013},
 publisher = {IEEE Computer Society},
 address = {Washington, DC, USA},
 keywords = {Android, crash and bug reports, reproducibility},
}

@inproceedings{Bettenburg:2008:MGB:1453101.1453146,
 author = {Bettenburg, Nicolas and Just, Sascha and Schr\"{o}ter, Adrian and Weiss, Cathrin and Premraj, Rahul and Zimmermann, Thomas},
 title = {What Makes a Good Bug Report?},
 booktitle = {Proceedings of the 16th ACM SIGSOFT International Symposium on Foundations of Software Engineering},
 series = {SIGSOFT '08/FSE-16},
 year = {2008},
 isbn = {978-1-59593-995-1},
 location = {Atlanta, Georgia},
 pages = {308--318},
 numpages = {11},
 url = {http://doi.acm.org/10.1145/1453101.1453146},
 doi = {10.1145/1453101.1453146},
 acmid = {1453146},
 publisher = {ACM},
 address = {New York, NY, USA},
}

@article{Zhang:2016:KSA:2873074.2873292,
 author = {Zhang, Wen and Wang, Song and Wang, Qing},
 title = {KSAP},
 journal = {Inf. Softw. Technol.},
 issue_date = {February 2016},
 volume = {70},
 number = {C},
 month = feb,
 year = {2016},
 issn = {0950-5849},
 pages = {68--84},
 numpages = {17},
 url = {http://dx.doi.org/10.1016/j.infsof.2015.10.004},
 doi = {10.1016/j.infsof.2015.10.004},
 acmid = {2873292},
 publisher = {Butterworth-Heinemann},
 address = {Newton, MA, USA},
 keywords = {Bug report assignment, Developer recommendation, Heterogeneous network, Heterogeneous proximity},
}

@inproceedings{Murgia:2014:DFE:2597073.2597086,
 author = {Murgia, Alessandro and Tourani, Parastou and Adams, Bram and Ortu, Marco},
 title = {Do Developers Feel Emotions? An Exploratory Analysis of Emotions in Software Artifacts},
 booktitle = {Proceedings of the 11th Working Conference on Mining Software Repositories},
 series = {MSR 2014},
 year = {2014},
 isbn = {978-1-4503-2863-0},
 location = {Hyderabad, India},
 pages = {262--271},
 numpages = {10},
 url = {http://doi.acm.org/10.1145/2597073.2597086},
 doi = {10.1145/2597073.2597086},
 acmid = {2597086},
 publisher = {ACM},
 address = {New York, NY, USA},
 keywords = {Emotion Mining, Empirical Software Engineer- ing, Issue Report},
}

@inproceedings{Zanetti:2013:CBS:2486788.2486930,
 author = {Zanetti, Marcelo Serrano and Scholtes, Ingo and Tessone, Claudio Juan and Schweitzer, Frank},
 title = {Categorizing Bugs with Social Networks: A Case Study on Four Open Source Software Communities},
 booktitle = {Proceedings of the 2013 International Conference on Software Engineering},
 series = {ICSE '13},
 year = {2013},
 isbn = {978-1-4673-3076-3},
 location = {San Francisco, CA, USA},
 pages = {1032--1041},
 numpages = {10},
 url = {http://dl.acm.org/citation.cfm?id=2486788.2486930},
 acmid = {2486930},
 publisher = {IEEE Press},
 address = {Piscataway, NJ, USA},
}

@inproceedings{Bissyande:2013:EEB:2495256.2495765,
 author = {Bissyande, Tegawende F. and Thung, Ferdian and Wang, Shaowei and Lo, David and Jiang, Lingxiao and Reveillere, Laurent},
 title = {Empirical Evaluation of Bug Linking},
 booktitle = {Proceedings of the 2013 17th European Conference on Software Maintenance and Reengineering},
 series = {CSMR '13},
 year = {2013},
 isbn = {978-0-7695-4948-4},
 pages = {89--98},
 numpages = {10},
 url = {http://dx.doi.org/10.1109/CSMR.2013.19},
 doi = {10.1109/CSMR.2013.19},
 acmid = {2495765},
 publisher = {IEEE Computer Society},
 address = {Washington, DC, USA},
 keywords = {Bug Linking, empirical evaluation, benchmark, ReLink, missing links},
}

@inproceedings{Netto:2010:AAS:1915078.1916019,
 author = {Netto, Fernando and Barros, Marcio Oliveira and Alvim, Adriana C. F.},
 title = {An Automated Approach for Scheduling Bug Fix Tasks},
 booktitle = {Proceedings of the 2010 Brazilian Symposium on Software Engineering},
 series = {SBES '10},
 year = {2010},
 isbn = {978-0-7695-4273-7},
 pages = {80--89},
 numpages = {10},
 url = {http://dx.doi.org/10.1109/SBES.2010.16},
 doi = {10.1109/SBES.2010.16},
 acmid = {1916019},
 publisher = {IEEE Computer Society},
 address = {Washington, DC, USA},
 keywords = {Search based software engineering, bug resolution, task allocation},
}

@inproceedings{Vijayakumar:2014:MEN:2624299.2624394,
 author = {Vijayakumar, K. and Bhuvaneswari, V.},
 title = {How Much Effort Needed to Fix the Bug? A Data Mining Approach for Effort Estimation and Analysing of Bug Report Attributes in Firefox},
 booktitle = {Proceedings of the 2014 International Conference on Intelligent Computing Applications},
 series = {ICICA '14},
 year = {2014},
 isbn = {978-1-4799-3966-4},
 pages = {335--339},
 numpages = {5},
 url = {http://dx.doi.org/10.1109/ICICA.2014.75},
 doi = {10.1109/ICICA.2014.75},
 acmid = {2624394},
 publisher = {IEEE Computer Society},
 address = {Washington, DC, USA},
 keywords = {data mining, association rules, component, Bugzilla, bug report, severity, repository},
}

@inproceedings{Bissyande:2013:OSP:2549855.2549894,
 author = {Bissyand{\'e}, Tegawend{\'e} F. and Thung, Ferdian and Lo, David and Jiang, Lingxiao and R{\'e}veill\`{e}re, Laurent},
 title = {Orion: A Software Project Search Engine with Integrated Diverse Software Artifacts},
 booktitle = {Proceedings of the 2013 18th International Conference on Engineering of Complex Computer Systems},
 series = {ICECCS '13},
 year = {2013},
 isbn = {978-0-7695-5007-7},
 pages = {242--245},
 numpages = {4},
 url = {http://dx.doi.org/10.1109/ICECCS.2013.42},
 doi = {10.1109/ICECCS.2013.42},
 acmid = {2549894},
 publisher = {IEEE Computer Society},
 address = {Washington, DC, USA},
 keywords = {Project Search, Orion, GitHub, DSL},
}

@inproceedings{Bacchelli:2010:PCM:2128562.2128570,
 author = {Bacchelli, Alberto and D'Ambros, Marco and Lanza, Michele},
 title = {Are Popular Classes More Defect Prone?},
 booktitle = {Proceedings of the 13th International Conference on Fundamental Approaches to Software Engineering},
 series = {FASE'10},
 year = {2010},
 isbn = {3-642-12028-8, 978-3-642-12028-2},
 location = {Paphos, Cyprus},
 pages = {59--73},
 numpages = {15},
 url = {http://dx.doi.org/10.1007/978-3-642-12029-9_5},
 doi = {10.1007/978-3-642-12029-9_5},
 acmid = {2128570},
 publisher = {Springer-Verlag},
 address = {Berlin, Heidelberg},
}

@inproceedings{Canfora:2005:IAM:1090955.1092169,
 author = {Canfora, Gerardo and Cerulo, Luigi},
 title = {Impact Analysis by Mining Software and Change Request Repositories},
 booktitle = {Proceedings of the 11th IEEE International Software Metrics Symposium},
 series = {METRICS '05},
 year = {2005},
 isbn = {0-7695-2371-4},
 pages = {29--},
 url = {http://dx.doi.org/10.1109/METRICS.2005.28},
 doi = {10.1109/METRICS.2005.28},
 acmid = {1092169},
 publisher = {IEEE Computer Society},
 address = {Washington, DC, USA},
}

@inproceedings{Nguyen:2012:MAR:2393596.2393671,
 author = {Nguyen, Anh Tuan and Nguyen, Tung Thanh and Nguyen, Hoan Anh and Nguyen, Tien N.},
 title = {Multi-layered Approach for Recovering Links Between Bug Reports and Fixes},
 booktitle = {Proceedings of the ACM SIGSOFT 20th International Symposium on the Foundations of Software Engineering},
 series = {FSE '12},
 year = {2012},
 isbn = {978-1-4503-1614-9},
 location = {Cary, North Carolina},
 pages = {63:1--63:11},
 articleno = {63},
 numpages = {11},
 url = {http://doi.acm.org/10.1145/2393596.2393671},
 doi = {10.1145/2393596.2393671},
 acmid = {2393671},
 publisher = {ACM},
 address = {New York, NY, USA},
 keywords = {bug-to-fix links, bugs, fixes, mining software repository},
}

@inproceedings{Anvik:2007:DIE:1260984.1261303,
 author = {Anvik, John and Murphy, Gail C.},
 title = {Determining Implementation Expertise from Bug Reports},
 booktitle = {Proceedings of the 29th International Conference on Software Engineering Workshops},
 series = {ICSEW '07},
 year = {2007},
 isbn = {0-7695-2830-9},
 pages = {2--},
 url = {http://dx.doi.org/10.1109/ICSEW.2007.84},
 doi = {10.1109/ICSEW.2007.84},
 acmid = {1261303},
 publisher = {IEEE Computer Society},
 address = {Washington, DC, USA},
}

@inproceedings{Knab:2009:SVA:1595696.1595746,
 author = {Knab, Patrick and Knab, Patrick and Pinzger, Martin},
 title = {Smart Views for Analyzing Problem Reports: Tool Demo},
 booktitle = {Proceedings of the the 7th Joint Meeting of the European Software Engineering Conference and the ACM SIGSOFT Symposium on The Foundations of Software Engineering},
 series = {ESEC/FSE '09},
 year = {2009},
 isbn = {978-1-60558-001-2},
 location = {Amsterdam, The Netherlands},
 pages = {289--290},
 numpages = {2},
 url = {http://doi.acm.org/10.1145/1595696.1595746},
 doi = {10.1145/1595696.1595746},
 acmid = {1595746},
 publisher = {ACM},
 address = {New York, NY, USA},
 keywords = {effort estimation, process metrics, visualization},
}

@inproceedings{Garcia:2013:REC:2569433.2569884,
 author = {Garcia, David and Zanetti, Marcelo Serrano and Schweitzer, Frank},
 title = {The Role of Emotions in Contributors Activity: A Case Study on the GENTOO Community},
 booktitle = {Proceedings of the 2013 International Conference on Cloud and Green Computing},
 series = {CGC '13},
 year = {2013},
 isbn = {978-0-7695-5114-2},
 pages = {410--417},
 numpages = {8},
 url = {http://dx.doi.org/10.1109/CGC.2013.71},
 doi = {10.1109/CGC.2013.71},
 acmid = {2569884},
 publisher = {IEEE Computer Society},
 address = {Washington, DC, USA},
 keywords = {sentiment analysis, open source, motivation, activity, turnover, machine learning},
}

@inproceedings{Sasso:2014:MSD:2705615.2706091,
 author = {Sasso, Tommaso Dal},
 title = {Managing Software Defects},
 booktitle = {Proceedings of the 2014 IEEE International Conference on Software Maintenance and Evolution},
 series = {ICSME '14},
 year = {2014},
 isbn = {978-1-4799-6146-7},
 pages = {669--},
 url = {http://dx.doi.org/10.1109/ICSME.2014.124},
 doi = {10.1109/ICSME.2014.124},
 acmid = {2706091},
 publisher = {IEEE Computer Society},
 address = {Washington, DC, USA},
}

@inproceedings{Tian:2013:DPP:2550526.2550574,
 author = {Tian, Yuan and Lo, David and Sun, Chengnian},
 title = {DRONE: Predicting Priority of Reported Bugs by Multi-factor Analysis},
 booktitle = {Proceedings of the 2013 IEEE International Conference on Software Maintenance},
 series = {ICSM '13},
 year = {2013},
 isbn = {978-0-7695-4981-1},
 pages = {200--209},
 numpages = {10},
 url = {http://dx.doi.org/10.1109/ICSM.2013.31},
 doi = {10.1109/ICSM.2013.31},
 acmid = {2550574},
 publisher = {IEEE Computer Society},
 address = {Washington, DC, USA},
}

@book{Gunderloy:2005:PPM:1050963,
 author = {Gunderloy, Mike},
 title = {Painless Project Management With Fogbugz},
 year = {2005},
 isbn = {159059486X},
 publisher = {Apress},
 address = {Berkely, CA, USA},
}

@inproceedings{Shokripour:2012:ABA:2494763.2495002,
 author = {Shokripour, Ramin and Kasirun, Zarinah M. and Zamani, Sima and Anvik, John},
 title = {Automatic Bug Assignment Using Information Extraction Methods},
 booktitle = {Proceedings of the 2012 International Conference on Advanced Computer Science Applications and Technologies},
 series = {ACSAT '12},
 year = {2012},
 isbn = {978-0-7695-4959-0},
 pages = {144--149},
 numpages = {6},
 url = {http://dx.doi.org/10.1109/ACSAT.2012.56},
 doi = {10.1109/ACSAT.2012.56},
 acmid = {2495002},
 publisher = {IEEE Computer Society},
 address = {Washington, DC, USA},
 keywords = {Bug Assignment, Information Extraction, Named Entity Recognition, File Activity Histories},
}

@inproceedings{ValdiviaGarcia:2014:CPB:2597073.2597099,
 author = {Valdivia Garcia, Harold and Shihab, Emad},
 title = {Characterizing and Predicting Blocking Bugs in Open Source Projects},
 booktitle = {Proceedings of the 11th Working Conference on Mining Software Repositories},
 series = {MSR 2014},
 year = {2014},
 isbn = {978-1-4503-2863-0},
 location = {Hyderabad, India},
 pages = {72--81},
 numpages = {10},
 url = {http://doi.acm.org/10.1145/2597073.2597099},
 doi = {10.1145/2597073.2597099},
 acmid = {2597099},
 publisher = {ACM},
 address = {New York, NY, USA},
 keywords = {Code Metrics, Post-release Defects, Process Metrics},
}

@article{Wang:2015:CCS:2829386.2829718,
 author = {Wang, Jing and Shih, Patrick C. and Wu, Yu and Carroll, John M.},
 title = {Comparative Case Studies of Open Source Software Peer Review Practices},
 journal = {Inf. Softw. Technol.},
 issue_date = {November 2015},
 volume = {67},
 number = {C},
 month = nov,
 year = {2015},
 issn = {0950-5849},
 pages = {1--12},
 numpages = {12},
 url = {http://dx.doi.org/10.1016/j.infsof.2015.06.002},
 doi = {10.1016/j.infsof.2015.06.002},
 acmid = {2829718},
 publisher = {Butterworth-Heinemann},
 address = {Newton, MA, USA},
 keywords = {Design, Open source software, Software peer review, Virtual community},
}

@inproceedings{Ghezzi:2011:SLA:2015550.2015574,
 author = {Ghezzi, Giacomo and Gall, Harald C.},
 title = {SOFAS: A Lightweight Architecture for Software Analysis As a Service},
 booktitle = {Proceedings of the 2011 Ninth Working IEEE/IFIP Conference on Software Architecture},
 series = {WICSA '11},
 year = {2011},
 isbn = {978-0-7695-4351-2},
 pages = {93--102},
 numpages = {10},
 url = {http://dx.doi.org/10.1109/WICSA.2011.21},
 doi = {10.1109/WICSA.2011.21},
 acmid = {2015574},
 publisher = {IEEE Computer Society},
 address = {Washington, DC, USA},
}

@inproceedings{Weiss:2007:LTF:1260984.1261302,
 author = {Weiss, Cathrin and Premraj, Rahul and Zimmermann, Thomas and Zeller, Andreas},
 title = {How Long Will It Take to Fix This Bug?},
 booktitle = {Proceedings of the 29th International Conference on Software Engineering Workshops},
 series = {ICSEW '07},
 year = {2007},
 isbn = {0-7695-2830-9},
 pages = {1--},
 url = {http://dx.doi.org/10.1109/ICSEW.2007.116},
 doi = {10.1109/ICSEW.2007.116},
 acmid = {1261302},
 publisher = {IEEE Computer Society},
 address = {Washington, DC, USA},
}

@article{Ebert:2015:ESE:2794082.2794106,
 author = {Ebert, Felipe and Castor, Fernando and Serebrenik, Alexander},
 title = {An Exploratory Study on Exception Handling Bugs in Java Programs},
 journal = {J. Syst. Softw.},
 issue_date = {August 2015},
 volume = {106},
 number = {C},
 month = aug,
 year = {2015},
 issn = {0164-1212},
 pages = {82--101},
 numpages = {20},
 url = {http://dx.doi.org/10.1016/j.jss.2015.04.066},
 doi = {10.1016/j.jss.2015.04.066},
 acmid = {2794106},
 publisher = {Elsevier Science Inc.},
 address = {New York, NY, USA},
 keywords = {Bugs, Exception handling, Repository mining},
}

@inproceedings{Weiss:2007:LTF:1268983.1269017,
 author = {Weiss, Cathrin and Premraj, Rahul and Zimmermann, Thomas and Zeller, Andreas},
 title = {How Long Will It Take to Fix This Bug?},
 booktitle = {Proceedings of the Fourth International Workshop on Mining Software Repositories},
 series = {MSR '07},
 year = {2007},
 isbn = {0-7695-2950-X},
 pages = {1--},
 url = {http://dx.doi.org/10.1109/MSR.2007.13},
 doi = {10.1109/MSR.2007.13},
 acmid = {1269017},
 publisher = {IEEE Computer Society},
 address = {Washington, DC, USA},
}

@inproceedings{Corley:2011:RTL:1987856.1987863,
 author = {Corley, Christopher S. and Kraft, Nicholas A. and Etzkorn, Letha H. and Lukins, Stacy K.},
 title = {Recovering Traceability Links Between Source Code and Fixed Bugs via Patch Analysis},
 booktitle = {Proceedings of the 6th International Workshop on Traceability in Emerging Forms of Software Engineering},
 series = {TEFSE '11},
 year = {2011},
 isbn = {978-1-4503-0589-1},
 location = {Waikiki, Honolulu, HI, USA},
 pages = {31--37},
 numpages = {7},
 url = {http://doi.acm.org/10.1145/1987856.1987863},
 doi = {10.1145/1987856.1987863},
 acmid = {1987863},
 publisher = {ACM},
 address = {New York, NY, USA},
 keywords = {bug assignment, bug mapping, link recovery, mining software repositories, trace automation, traceability},
}

@inproceedings{Hanmer:2014:MNP:2893559.2893568,
 author = {Hanmer, Robert S. and Mirakhorli, Mehdi},
 title = {Mining New Patterns by Learning from the Trenches},
 booktitle = {Proceedings of the 21st Conference on Pattern Languages of Programs},
 series = {PLoP '14},
 year = {2014},
 isbn = {78-1-941652-01-5},
 location = {Monticello, Illinois},
 pages = {9:1--9:6},
 articleno = {9},
 numpages = {6},
 url = {http://dl.acm.org/citation.cfm?id=2893559.2893568},
 acmid = {2893568},
 publisher = {The Hillside Group},
 address = {USA},
 keywords = {design patterns, knowledge discovery, pattern mining},
}

@inproceedings{Wang:2011:BIF:1984642.1984661,
 author = {Wang, Jianguo and Sarma, Anita},
 title = {Which Bug Should I Fix: Helping New Developers Onboard a New Project},
 booktitle = {Proceedings of the 4th International Workshop on Cooperative and Human Aspects of Software Engineering},
 series = {CHASE '11},
 year = {2011},
 isbn = {978-1-4503-0576-1},
 location = {Waikiki, Honolulu, HI, USA},
 pages = {76--79},
 numpages = {4},
 url = {http://doi.acm.org/10.1145/1984642.1984661},
 doi = {10.1145/1984642.1984661},
 acmid = {1984661},
 publisher = {ACM},
 address = {New York, NY, USA},
 keywords = {bug search, new developer, socio-technical dependency},
}

@inproceedings{Mittal:2014:PMS:2591062.2591152,
 author = {Mittal, Megha and Sureka, Ashish},
 title = {Process Mining Software Repositories from Student Projects in an Undergraduate Software Engineering Course},
 booktitle = {Companion Proceedings of the 36th International Conference on Software Engineering},
 series = {ICSE Companion 2014},
 year = {2014},
 isbn = {978-1-4503-2768-8},
 location = {Hyderabad, India},
 pages = {344--353},
 numpages = {10},
 url = {http://doi.acm.org/10.1145/2591062.2591152},
 doi = {10.1145/2591062.2591152},
 acmid = {2591152},
 publisher = {ACM},
 address = {New York, NY, USA},
 keywords = {Education Data Mining, Learning Analytic, Mining Software Repositories, Process Mining, Software Engineering Education},
}

@book{Damiani:2006:OSS:1137827,
 author = {Damiani, Ernesto and Fitzgerald, Brian and Scacchi, Walt and Scotto, Marco},
 title = {Open Source Systems: IFIP Working Group 2.13 Foundation Conference on Open Source Software, June 8-10, 2006, Como, Italy (IFIP International Federation for Information Processing)},
 year = {2006},
 isbn = {0387342257},
 publisher = {Springer-Verlag New York, Inc.},
 address = {Secaucus, NJ, USA},
}

@article{Gonzalez-Barahona:2013:UCI:2553372.2553381,
 author = {Gonzalez-Barahona, Jesus and Izquierdo, Daniel and Maffulli, Stefano and Robles, Gregorio},
 title = {Understanding How Companies Interact with Free Software Communities},
 journal = {IEEE Softw.},
 issue_date = {September 2013},
 volume = {30},
 number = {5},
 month = sep,
 year = {2013},
 issn = {0740-7459},
 pages = {38--45},
 numpages = {8},
 url = {http://dx.doi.org/10.1109/MS.2013.95},
 doi = {10.1109/MS.2013.95},
 acmid = {2553381},
 publisher = {IEEE Computer Society Press},
 address = {Los Alamitos, CA, USA},
 keywords = {Software analytics,Software measurement,Electronic mail,Open source software,Statistics,computing milieu,software analytics,process metrics,measurement,software engineering,statistics},
}

@inproceedings{Tong:2015:CPB:2867542.2867798,
 author = {Tong, Jia and Ying, Li and Xiaoyong, Yuan and Hongyan, Tang and Zhonghai, Wu},
 title = {Characterizing and Predicting Bug Assignment in OpenStack},
 booktitle = {Proceedings of the 2015 Second International Conference on Trustworthy Systems and Their Applications},
 series = {TSA '15},
 year = {2015},
 isbn = {978-1-4673-9581-6},
 pages = {16--23},
 numpages = {8},
 url = {http://dx.doi.org/10.1109/TSA.2015.14},
 doi = {10.1109/TSA.2015.14},
 acmid = {2867798},
 publisher = {IEEE Computer Society},
 address = {Washington, DC, USA},
 keywords = {open source, cloud computing, bug assignment, long tail},
}

@inproceedings{Vahabzadeh:2015:ESB:2881297.2881370,
 author = {Vahabzadeh, Arash and Fard, Amin Milani and Mesbah, Ali},
 title = {An Empirical Study of Bugs in Test Code},
 booktitle = {Proceedings of the 2015 IEEE International Conference on Software Maintenance and Evolution (ICSME)},
 series = {ICSME '15},
 year = {2015},
 isbn = {978-1-4673-7532-0},
 pages = {101--110},
 numpages = {10},
 url = {http://dx.doi.org/10.1109/ICSM.2015.7332456},
 doi = {10.1109/ICSM.2015.7332456},
 acmid = {2881370},
 publisher = {IEEE Computer Society},
 address = {Washington, DC, USA},
}

