% This file was created with JabRef 2.10.
% Encoding: UTF-8


@InProceedings{Aggarwal:2014:MIT:2593801.2593810,
  Title                    = {Mining Issue Tracking Systems Using Topic Models for Trend Analysis, Corpus Exploration, and Understanding Evolution},
  Author                   = {Aggarwal, Ayushi and Waghmare, Gajendra and Sureka, Ashish},
  Booktitle                = {Proceedings of the 3rd International Workshop on Realizing Artificial Intelligence Synergies in Software Engineering},
  Year                     = {2014},

  Address                  = {New York, NY, USA},
  Pages                    = {52--58},
  Publisher                = {ACM},
  Series                   = {RAISE 2014},

  Acmid                    = {2593810},
  Doi                      = {10.1145/2593801.2593810},
  ISBN                     = {978-1-4503-2846-3},
  Keywords                 = {Bugs, Defect Tracking System, Google Chromium, Issue Tracking System, Latent Dirichlet Allocation, Software Maintenance, Topic Modeling},
  Location                 = {Hyderabad, India},
  Numpages                 = {7},
  Url                      = {http://doi.acm.org/10.1145/2593801.2593810}
}

@InProceedings{Alipour:2013:CAT:2487085.2487123,
  Title                    = {A Contextual Approach Towards More Accurate Duplicate Bug Report Detection},
  Author                   = {Alipour, Anahita and Hindle, Abram and Stroulia, Eleni},
  Booktitle                = {Proceedings of the 10th Working Conference on Mining Software Repositories},
  Year                     = {2013},

  Address                  = {Piscataway, NJ, USA},
  Pages                    = {183--192},
  Publisher                = {IEEE Press},
  Series                   = {MSR '13},

  Acmid                    = {2487123},
  ISBN                     = {978-1-4673-2936-1},
  Location                 = {San Francisco, CA, USA},
  Numpages                 = {10},
  Url                      = {http://dl.acm.org/citation.cfm?id=2487085.2487123}
}

@Article{Antoniol:2005:TIV:2772069.2772087,
  Title                    = {Towards the Integration of Versioning Systems, Bug Reports and Source Code Meta-Models},
  Author                   = {Antoniol, Giuliano and Di Penta, Massimiliano and Gall, Harald and Pinzger, Martin},
  Journal                  = {Electron. Notes Theor. Comput. Sci.},
  Year                     = {2005},

  Month                    = apr,
  Number                   = {3},
  Pages                    = {87--99},
  Volume                   = {127},

  Acmid                    = {2772087},
  Address                  = {Amsterdam, The Netherlands, The Netherlands},
  Doi                      = {10.1016/j.entcs.2004.08.036},
  ISSN                     = {1571-0661},
  Issue_date               = {April 2005},
  Keywords                 = {Bug Reports, Object-Oriented Meta-Models, Release History, Source Code Analysis},
  Numpages                 = {13},
  Publisher                = {Elsevier Science Publishers B. V.},
  Url                      = {http://dx.doi.org/10.1016/j.entcs.2004.08.036}
}

@InProceedings{Anvik:2005:COB:1117696.1117704,
  Title                    = {Coping with an Open Bug Repository},
  Author                   = {Anvik, John and Hiew, Lyndon and Murphy, Gail C.},
  Booktitle                = {Proceedings of the 2005 OOPSLA Workshop on Eclipse Technology eXchange},
  Year                     = {2005},

  Address                  = {New York, NY, USA},
  Pages                    = {35--39},
  Publisher                = {ACM},
  Series                   = {eclipse '05},

  Acmid                    = {1117704},
  Doi                      = {10.1145/1117696.1117704},
  ISBN                     = {1-59593-342-5},
  Keywords                 = {bugzilla, duplicate detection, machine learning, triage},
  Location                 = {San Diego, California},
  Numpages                 = {5},
  Url                      = {http://doi.acm.org/10.1145/1117696.1117704}
}

@InProceedings{Anvik:2007:DIE:1260984.1261303,
  Title                    = {Determining Implementation Expertise from Bug Reports},
  Author                   = {Anvik, John and Murphy, Gail C.},
  Booktitle                = {Proceedings of the 29th International Conference on Software Engineering Workshops},
  Year                     = {2007},

  Address                  = {Washington, DC, USA},
  Pages                    = {2--},
  Publisher                = {IEEE Computer Society},
  Series                   = {ICSEW '07},

  Acmid                    = {1261303},
  Doi                      = {10.1109/ICSEW.2007.84},
  ISBN                     = {0-7695-2830-9},
  Url                      = {http://dx.doi.org/10.1109/ICSEW.2007.84}
}

@InProceedings{Bacchelli:2010:PCM:2128562.2128570,
  Title                    = {Are Popular Classes More Defect Prone?},
  Author                   = {Bacchelli, Alberto and D'Ambros, Marco and Lanza, Michele},
  Booktitle                = {Proceedings of the 13th International Conference on Fundamental Approaches to Software Engineering},
  Year                     = {2010},

  Address                  = {Berlin, Heidelberg},
  Pages                    = {59--73},
  Publisher                = {Springer-Verlag},
  Series                   = {FASE'10},

  Acmid                    = {2128570},
  Doi                      = {10.1007/978-3-642-12029-9_5},
  ISBN                     = {3-642-12028-8, 978-3-642-12028-2},
  Location                 = {Paphos, Cyprus},
  Numpages                 = {15},
  Url                      = {http://dx.doi.org/10.1007/978-3-642-12029-9_5}
}

@InProceedings{Banerjee:2012:ADB:2417496.2417520,
  Title                    = {Automated Duplicate Bug Report Classification Using Subsequence Matching},
  Author                   = {Banerjee, Sean and Cukic, Bojan and Adjeroh, Donald},
  Booktitle                = {Proceedings of the 2012 IEEE 14th International Symposium on High-Assurance Systems Engineering},
  Year                     = {2012},

  Address                  = {Washington, DC, USA},
  Pages                    = {74--81},
  Publisher                = {IEEE Computer Society},
  Series                   = {HASE '12},

  Acmid                    = {2417520},
  Doi                      = {10.1109/HASE.2012.38},
  ISBN                     = {978-0-7695-4912-5},
  Keywords                 = {String Algorithms, Duplicate Bug Reports, Documentation, Experimentation, Verification},
  Numpages                 = {8},
  Url                      = {http://dx.doi.org/10.1109/HASE.2012.38}
}

@InProceedings{Bangcharoensap:2012:LSC:2419061.2419428,
  Title                    = {Locating Source Code to Be Fixed Based on Initial Bug Reports - A Case Study on the Eclipse Project},
  Author                   = {Bangcharoensap, Phiradet and Ihara, Akinori and Kamei, Yasutaka and Matsumoto, Ken-ichi},
  Booktitle                = {Proceedings of the 2012 Fourth International Workshop on Empirical Software Engineering in Practice},
  Year                     = {2012},

  Address                  = {Washington, DC, USA},
  Pages                    = {10--15},
  Publisher                = {IEEE Computer Society},
  Series                   = {IWESEP '12},

  Acmid                    = {2419428},
  Doi                      = {10.1109/IWESEP.2012.14},
  ISBN                     = {978-0-7695-4866-1},
  Keywords                 = {Bug localization, Text mining, Code mining, Change history mining},
  Numpages                 = {6},
  Url                      = {http://dx.doi.org/10.1109/IWESEP.2012.14}
}

@InProceedings{Banitaan:2013:DUD:2584691.2584730,
  Title                    = {DECOBA: Utilizing Developers Communities in Bug Assignment},
  Author                   = {Banitaan, Shadi and Alenezi, Mamdouh},
  Booktitle                = {Proceedings of the 2013 12th International Conference on Machine Learning and Applications - Volume 02},
  Year                     = {2013},

  Address                  = {Washington, DC, USA},
  Pages                    = {66--71},
  Publisher                = {IEEE Computer Society},
  Series                   = {ICMLA '13},

  Acmid                    = {2584730},
  Doi                      = {10.1109/ICMLA.2013.107},
  ISBN                     = {978-0-7695-5144-9},
  Keywords                 = {Developers Social Network, Community Detection, Bug Report Assignment, Developer Ranking},
  Numpages                 = {6},
  Url                      = {http://dx.doi.org/10.1109/ICMLA.2013.107}
}

@InProceedings{Baysal:2013:SAP:2486788.2486957,
  Title                    = {Situational Awareness: Personalizing Issue Tracking Systems},
  Author                   = {Baysal, Olga and Holmes, Reid and Godfrey, Michael W.},
  Booktitle                = {Proceedings of the 2013 International Conference on Software Engineering},
  Year                     = {2013},

  Address                  = {Piscataway, NJ, USA},
  Pages                    = {1185--1188},
  Publisher                = {IEEE Press},
  Series                   = {ICSE '13},

  Acmid                    = {2486957},
  ISBN                     = {978-1-4673-3076-3},
  Location                 = {San Francisco, CA, USA},
  Numpages                 = {4},
  Url                      = {http://dl.acm.org/citation.cfm?id=2486788.2486957}
}

@InProceedings{Bettenburg:2007:QBR:1328279.1328284,
  Title                    = {Quality of Bug Reports in Eclipse},
  Author                   = {Bettenburg, Nicolas and Just, Sascha and Schr\"{o}ter, Adrian and Wei\ss, Cathrin and Premraj, Rahul and Zimmermann, Thomas},
  Booktitle                = {Proceedings of the 2007 OOPSLA Workshop on Eclipse Technology eXchange},
  Year                     = {2007},

  Address                  = {New York, NY, USA},
  Pages                    = {21--25},
  Publisher                = {ACM},
  Series                   = {eclipse '07},

  Acmid                    = {1328284},
  Doi                      = {10.1145/1328279.1328284},
  ISBN                     = {978-1-60558-015-9},
  Location                 = {Montreal, Quebec, Canada},
  Numpages                 = {5},
  Url                      = {http://doi.acm.org/10.1145/1328279.1328284}
}

@InProceedings{Bettenburg:2008:MGB:1453101.1453146,
  Title                    = {What Makes a Good Bug Report?},
  Author                   = {Bettenburg, Nicolas and Just, Sascha and Schr\"{o}ter, Adrian and Weiss, Cathrin and Premraj, Rahul and Zimmermann, Thomas},
  Booktitle                = {Proceedings of the 16th ACM SIGSOFT International Symposium on Foundations of Software Engineering},
  Year                     = {2008},

  Address                  = {New York, NY, USA},
  Pages                    = {308--318},
  Publisher                = {ACM},
  Series                   = {SIGSOFT '08/FSE-16},

  Acmid                    = {1453146},
  Doi                      = {10.1145/1453101.1453146},
  ISBN                     = {978-1-59593-995-1},
  Location                 = {Atlanta, Georgia},
  Numpages                 = {11},
  Url                      = {http://doi.acm.org/10.1145/1453101.1453146}
}

@InProceedings{Bhattacharya:2011:BTP:1985441.1985472,
  Title                    = {Bug-fix Time Prediction Models: Can We Do Better?},
  Author                   = {Bhattacharya, Pamela and Neamtiu, Iulian},
  Booktitle                = {Proceedings of the 8th Working Conference on Mining Software Repositories},
  Year                     = {2011},

  Address                  = {New York, NY, USA},
  Pages                    = {207--210},
  Publisher                = {ACM},
  Series                   = {MSR '11},

  Acmid                    = {1985472},
  Doi                      = {10.1145/1985441.1985472},
  ISBN                     = {978-1-4503-0574-7},
  Keywords                 = {bug report triage, bug-fix time, issue tracking, statistical model},
  Location                 = {Waikiki, Honolulu, HI, USA},
  Numpages                 = {4},
  Url                      = {http://doi.acm.org/10.1145/1985441.1985472}
}

@InProceedings{Bissyande:2013:OSP:2549855.2549894,
  Title                    = {Orion: A Software Project Search Engine with Integrated Diverse Software Artifacts},
  Author                   = {Bissyand{\'e}, Tegawend{\'e} F. and Thung, Ferdian and Lo, David and Jiang, Lingxiao and R{\'e}veill\`{e}re, Laurent},
  Booktitle                = {Proceedings of the 2013 18th International Conference on Engineering of Complex Computer Systems},
  Year                     = {2013},

  Address                  = {Washington, DC, USA},
  Pages                    = {242--245},
  Publisher                = {IEEE Computer Society},
  Series                   = {ICECCS '13},

  Acmid                    = {2549894},
  Doi                      = {10.1109/ICECCS.2013.42},
  ISBN                     = {978-0-7695-5007-7},
  Keywords                 = {Project Search, Orion, GitHub, DSL},
  Numpages                 = {4},
  Url                      = {http://dx.doi.org/10.1109/ICECCS.2013.42}
}

@InProceedings{Bissyande:2013:EEB:2495256.2495765,
  Title                    = {Empirical Evaluation of Bug Linking},
  Author                   = {Bissyande, Tegawende F. and Thung, Ferdian and Wang, Shaowei and Lo, David and Jiang, Lingxiao and Reveillere, Laurent},
  Booktitle                = {Proceedings of the 2013 17th European Conference on Software Maintenance and Reengineering},
  Year                     = {2013},

  Address                  = {Washington, DC, USA},
  Pages                    = {89--98},
  Publisher                = {IEEE Computer Society},
  Series                   = {CSMR '13},

  Acmid                    = {2495765},
  Doi                      = {10.1109/CSMR.2013.19},
  ISBN                     = {978-0-7695-4948-4},
  Keywords                 = {Bug Linking, empirical evaluation, benchmark, ReLink, missing links},
  Numpages                 = {10},
  Url                      = {http://dx.doi.org/10.1109/CSMR.2013.19}
}

@InProceedings{Bortis:2011:TCB:1984642.1984659,
  Title                    = {Teambugs: A Collaborative Bug Tracking Tool},
  Author                   = {Bortis, Gerald and van der Hoek, Andr{\'e}},
  Booktitle                = {Proceedings of the 4th International Workshop on Cooperative and Human Aspects of Software Engineering},
  Year                     = {2011},

  Address                  = {New York, NY, USA},
  Pages                    = {69--71},
  Publisher                = {ACM},
  Series                   = {CHASE '11},

  Acmid                    = {1984659},
  Doi                      = {10.1145/1984642.1984659},
  ISBN                     = {978-1-4503-0576-1},
  Keywords                 = {bug tracking, bug triaging},
  Location                 = {Waikiki, Honolulu, HI, USA},
  Numpages                 = {3},
  Url                      = {http://doi.acm.org/10.1145/1984642.1984659}
}

@InProceedings{Breu:2010:INB:1718918.1718973,
  Title                    = {Information Needs in Bug Reports: Improving Cooperation Between Developers and Users},
  Author                   = {Breu, Silvia and Premraj, Rahul and Sillito, Jonathan and Zimmermann, Thomas},
  Booktitle                = {Proceedings of the 2010 ACM Conference on Computer Supported Cooperative Work},
  Year                     = {2010},

  Address                  = {New York, NY, USA},
  Pages                    = {301--310},
  Publisher                = {ACM},
  Series                   = {CSCW '10},

  Acmid                    = {1718973},
  Doi                      = {10.1145/1718918.1718973},
  ISBN                     = {978-1-60558-795-0},
  Keywords                 = {bug reports, information needs, question time, questions, response rate, response time},
  Location                 = {Savannah, Georgia, USA},
  Numpages                 = {10},
  Url                      = {http://doi.acm.org/10.1145/1718918.1718973}
}

@InProceedings{Caglayan:2012:FCR:2365324.2365327,
  Title                    = {Factors Characterizing Reopened Issues: A Case Study},
  Author                   = {Caglayan, Bora and Misirli, Ayse Tosun and Miranskyy, Andriy and Turhan, Burak and Bener, Ayse},
  Booktitle                = {Proceedings of the 8th International Conference on Predictive Models in Software Engineering},
  Year                     = {2012},

  Address                  = {New York, NY, USA},
  Pages                    = {1--10},
  Publisher                = {ACM},
  Series                   = {PROMISE '12},

  Acmid                    = {2365327},
  Doi                      = {10.1145/2365324.2365327},
  ISBN                     = {978-1-4503-1241-7},
  Keywords                 = {issue management, issue reopening, issue repository, software maintenance},
  Location                 = {Lund, Sweden},
  Numpages                 = {10},
  Url                      = {http://doi.acm.org/10.1145/2365324.2365327}
}

@Article{Callahan:1998:WIT:613212.613300,
  Title                    = {Web-Based Issue Tracking for Large Software Projects},
  Author                   = {Callahan, John R. and Khatsuriya, Reshma R. and Hefner, Randy},
  Journal                  = {IEEE Internet Computing},
  Year                     = {1998},

  Month                    = sep,
  Number                   = {5},
  Pages                    = {25--33},
  Volume                   = {2},

  Acmid                    = {613300},
  Address                  = {Piscataway, NJ, USA},
  Doi                      = {10.1109/4236.722227},
  ISSN                     = {1089-7801},
  Issue_date               = {September 1998},
  Numpages                 = {9},
  Publisher                = {IEEE Educational Activities Department},
  Url                      = {http://dx.doi.org/10.1109/4236.722227}
}

@InProceedings{Canfora:2005:IAM:1090955.1092169,
  Title                    = {Impact Analysis by Mining Software and Change Request Repositories},
  Author                   = {Canfora, Gerardo and Cerulo, Luigi},
  Booktitle                = {Proceedings of the 11th IEEE International Software Metrics Symposium},
  Year                     = {2005},

  Address                  = {Washington, DC, USA},
  Pages                    = {29--},
  Publisher                = {IEEE Computer Society},
  Series                   = {METRICS '05},

  Acmid                    = {1092169},
  Doi                      = {10.1109/METRICS.2005.28},
  ISBN                     = {0-7695-2371-4},
  Url                      = {http://dx.doi.org/10.1109/METRICS.2005.28}
}

@InProceedings{Cavalcanti:2013:TUS:2460999.2461028,
  Title                    = {Towards Understanding Software Change Request Assignment: A Survey with Practitioners},
  Author                   = {Cavalcanti, Yguarat\~{a} Cerqueira and da Mota Silveira Neto, Paulo Anselmo and do Carmo Machado, Ivan and de Almeida, Eduardo Santana and de Lemos Meira, Silvio Romero},
  Booktitle                = {Proceedings of the 17th International Conference on Evaluation and Assessment in Software Engineering},
  Year                     = {2013},

  Address                  = {New York, NY, USA},
  Pages                    = {195--206},
  Publisher                = {ACM},
  Series                   = {EASE '13},

  Acmid                    = {2461028},
  Doi                      = {10.1145/2460999.2461028},
  ISBN                     = {978-1-4503-1848-8},
  Keywords                 = {bug tracking, bug triage, change request assignment, issue tracking, software maintenance},
  Location                 = {Porto de Galinhas, Brazil},
  Numpages                 = {12},
  Url                      = {http://doi.acm.org/10.1145/2460999.2461028}
}

@Article{Cavalcanti:2014:COS:2926386.2926390,
  Title                    = {Challenges and Opportunities for Software Change Request Repositories: A Systematic Mapping Study},
  Author                   = {Cavalcanti, Yguarat\~{a} Cerqueira and Mota Silveira Neto, Paulo Anselmo and Machado, Ivan do Carmo and Vale, Tassio Ferreira and Almeida, Eduardo Santana and Meira, Silvio Romero de Lemos},
  Journal                  = {J. Softw. Evol. Process},
  Year                     = {2014},

  Month                    = jul,
  Number                   = {7},
  Pages                    = {620--653},
  Volume                   = {26},

  Acmid                    = {2926390},
  Address                  = {New York, NY, USA},
  Doi                      = {10.1002/smr.1639},
  ISSN                     = {2047-7473},
  Issue_date               = {July 2014},
  Keywords                 = {bug report, bug tracking, change request repository, software evolution, software maintenance, software quality assurance},
  Numpages                 = {34},
  Publisher                = {John Wiley \&amp; Sons, Inc.},
  Url                      = {http://dx.doi.org/10.1002/smr.1639}
}

@Article{Chaturvedi:2012:ECM:2531964.2531967,
  Title                    = {An Empirical Comparison of Machine Learning Techniques in Predicting the Bug Severity of Open and Closed Source Projects},
  Author                   = {Chaturvedi, K. K. and Singh, V.B.},
  Journal                  = {Int. J. Open Source Softw. Process.},
  Year                     = {2012},

  Month                    = apr,
  Number                   = {2},
  Pages                    = {32--59},
  Volume                   = {4},

  Acmid                    = {2531967},
  Address                  = {Hershey, PA, USA},
  Doi                      = {10.4018/jossp.2012040103},
  ISSN                     = {1942-3926},
  Issue_date               = {April 2012},
  Keywords                 = {10-fold Cross Validation, Bug Repositories, Bug Severity, Multiclass Classification, Supervised Classification, Text Mining},
  Numpages                 = {28},
  Publisher                = {IGI Global},
  Url                      = {http://dx.doi.org/10.4018/jossp.2012040103}
}

@InProceedings{Chawla:2015:AAB:2723742.2723751,
  Title                    = {An Automated Approach for Bug Categorization Using Fuzzy Logic},
  Author                   = {Chawla, Indu and Singh, Sandeep K.},
  Booktitle                = {Proceedings of the 8th India Software Engineering Conference},
  Year                     = {2015},

  Address                  = {New York, NY, USA},
  Pages                    = {90--99},
  Publisher                = {ACM},
  Series                   = {ISEC '15},

  Acmid                    = {2723751},
  Doi                      = {10.1145/2723742.2723751},
  ISBN                     = {978-1-4503-3432-7},
  Keywords                 = {Bug Categorization, Bug Repository, Fuzzy Logic},
  Location                 = {Bangalore, India},
  Numpages                 = {10},
  Url                      = {http://doi.acm.org/10.1145/2723742.2723751}
}

@InProceedings{Corley:2011:RTL:1987856.1987863,
  Title                    = {Recovering Traceability Links Between Source Code and Fixed Bugs via Patch Analysis},
  Author                   = {Corley, Christopher S. and Kraft, Nicholas A. and Etzkorn, Letha H. and Lukins, Stacy K.},
  Booktitle                = {Proceedings of the 6th International Workshop on Traceability in Emerging Forms of Software Engineering},
  Year                     = {2011},

  Address                  = {New York, NY, USA},
  Pages                    = {31--37},
  Publisher                = {ACM},
  Series                   = {TEFSE '11},

  Acmid                    = {1987863},
  Doi                      = {10.1145/1987856.1987863},
  ISBN                     = {978-1-4503-0589-1},
  Keywords                 = {bug assignment, bug mapping, link recovery, mining software repositories, trace automation, traceability},
  Location                 = {Waikiki, Honolulu, HI, USA},
  Numpages                 = {7},
  Url                      = {http://doi.acm.org/10.1145/1987856.1987863}
}

@InProceedings{Correa:2013:SBE:2623202.2623257,
  Title                    = {Samekana: A Browser Extension for Including Relevant Web Links in Issue Tracking System Discussion Forum},
  Author                   = {Correa, Denzil and Lal, Sangeeta and Saini, Apoorv and Sureka, Ashish},
  Booktitle                = {Proceedings of the 2013 20th Asia-Pacific Software Engineering Conference (APSEC) - Volume 01},
  Year                     = {2013},

  Address                  = {Washington, DC, USA},
  Pages                    = {25--33},
  Publisher                = {IEEE Computer Society},
  Series                   = {APSEC '13},

  Acmid                    = {2623257},
  Doi                      = {10.1109/APSEC.2013.15},
  ISBN                     = {978-1-4799-2144-7},
  Keywords                 = {Mining Software Repositories (MSR), Empirical Software Engineering and Measurements (ESEM), Software Maintenance, Mining Bug Reports, Developer Productivity Tool},
  Numpages                 = {9},
  Url                      = {http://dx.doi.org/10.1109/APSEC.2013.15}
}

@InProceedings{Correa:2013:IIT:2510148.2510214,
  Title                    = {Integrating Issue Tracking Systems with Community-Based Question and Answering Websites},
  Author                   = {Correa, Denzil and Sureka, Ashish},
  Booktitle                = {Proceedings of the 2013 22Nd Australian Conference on Software Engineering},
  Year                     = {2013},

  Address                  = {Washington, DC, USA},
  Pages                    = {88--96},
  Publisher                = {IEEE Computer Society},
  Series                   = {ASWEC '13},

  Acmid                    = {2510214},
  Doi                      = {10.1109/ASWEC.2013.20},
  ISBN                     = {978-0-7695-4995-8},
  Keywords                 = {Mining Software Repositories (MSR), Empirical Software Engineering and Measurements (ESEM), Social Media for Software Engineering, Software Maintenance, Community Driven Q\&A Website, Mining Bug Reports},
  Numpages                 = {9},
  Url                      = {http://dx.doi.org/10.1109/ASWEC.2013.20}
}

@Book{Damiani:2006:OSS:1137827,
  Title                    = {Open Source Systems: IFIP Working Group 2.13 Foundation Conference on Open Source Software, June 8-10, 2006, Como, Italy (IFIP International Federation for Information Processing)},
  Author                   = {Damiani, Ernesto and Fitzgerald, Brian and Scacchi, Walt and Scotto, Marco},
  Publisher                = {Springer-Verlag New York, Inc.},
  Year                     = {2006},

  Address                  = {Secaucus, NJ, USA},

  ISBN                     = {0387342257}
}

@InProceedings{Davies:2014:WBR:2652524.2652541,
  Title                    = {What's in a Bug Report?},
  Author                   = {Davies, Steven and Roper, Marc},
  Booktitle                = {Proceedings of the 8th ACM/IEEE International Symposium on Empirical Software Engineering and Measurement},
  Year                     = {2014},

  Address                  = {New York, NY, USA},
  Pages                    = {26:1--26:10},
  Publisher                = {ACM},
  Series                   = {ESEM '14},

  Acmid                    = {2652541},
  Articleno                = {26},
  Doi                      = {10.1145/2652524.2652541},
  ISBN                     = {978-1-4503-2774-9},
  Keywords                 = {bug report, bug repository, software maintenance},
  Location                 = {Torino, Italy},
  Numpages                 = {10},
  Url                      = {http://doi.acm.org/10.1145/2652524.2652541}
}

@InProceedings{DucAnh:2011:EVH:2020390.2020403,
  Title                    = {Empirical Validation of Human Factors in Predicting Issue Lead Time in Open Source Projects},
  Author                   = {Duc Anh, Nguyen and Cruzes, Daniela S. and Conradi, Reidar and Ayala, Claudia},
  Booktitle                = {Proceedings of the 7th International Conference on Predictive Models in Software Engineering},
  Year                     = {2011},

  Address                  = {New York, NY, USA},
  Pages                    = {13:1--13:10},
  Publisher                = {ACM},
  Series                   = {Promise '11},

  Acmid                    = {2020403},
  Articleno                = {13},
  Doi                      = {10.1145/2020390.2020403},
  ISBN                     = {978-1-4503-0709-3},
  Keywords                 = {bug lead time, bug prediction, bug triage, classification model, empirical study, issue lead time, issue resolution time, regression model},
  Location                 = {Banff, Alberta, Canada},
  Numpages                 = {10},
  Url                      = {http://doi.acm.org/10.1145/2020390.2020403}
}

@Article{Ebert:2015:ESE:2794082.2794106,
  Title                    = {An Exploratory Study on Exception Handling Bugs in Java Programs},
  Author                   = {Ebert, Felipe and Castor, Fernando and Serebrenik, Alexander},
  Journal                  = {J. Syst. Softw.},
  Year                     = {2015},

  Month                    = aug,
  Number                   = {C},
  Pages                    = {82--101},
  Volume                   = {106},

  Acmid                    = {2794106},
  Address                  = {New York, NY, USA},
  Doi                      = {10.1016/j.jss.2015.04.066},
  ISSN                     = {0164-1212},
  Issue_date               = {August 2015},
  Keywords                 = {Bugs, Exception handling, Repository mining},
  Numpages                 = {20},
  Publisher                = {Elsevier Science Inc.},
  Url                      = {http://dx.doi.org/10.1016/j.jss.2015.04.066}
}

@InProceedings{Garcia:2013:REC:2569433.2569884,
  Title                    = {The Role of Emotions in Contributors Activity: A Case Study on the GENTOO Community},
  Author                   = {Garcia, David and Zanetti, Marcelo Serrano and Schweitzer, Frank},
  Booktitle                = {Proceedings of the 2013 International Conference on Cloud and Green Computing},
  Year                     = {2013},

  Address                  = {Washington, DC, USA},
  Pages                    = {410--417},
  Publisher                = {IEEE Computer Society},
  Series                   = {CGC '13},

  Acmid                    = {2569884},
  Doi                      = {10.1109/CGC.2013.71},
  ISBN                     = {978-0-7695-5114-2},
  Keywords                 = {sentiment analysis, open source, motivation, activity, turnover, machine learning},
  Numpages                 = {8},
  Url                      = {http://dx.doi.org/10.1109/CGC.2013.71}
}

@InProceedings{Ghezzi:2011:SLA:2015550.2015574,
  Title                    = {SOFAS: A Lightweight Architecture for Software Analysis As a Service},
  Author                   = {Ghezzi, Giacomo and Gall, Harald C.},
  Booktitle                = {Proceedings of the 2011 Ninth Working IEEE/IFIP Conference on Software Architecture},
  Year                     = {2011},

  Address                  = {Washington, DC, USA},
  Pages                    = {93--102},
  Publisher                = {IEEE Computer Society},
  Series                   = {WICSA '11},

  Acmid                    = {2015574},
  Doi                      = {10.1109/WICSA.2011.21},
  ISBN                     = {978-0-7695-4351-2},
  Numpages                 = {10},
  Url                      = {http://dx.doi.org/10.1109/WICSA.2011.21}
}

@Article{Gonzalez-Barahona:2013:UCI:2553372.2553381,
  Title                    = {Understanding How Companies Interact with Free Software Communities},
  Author                   = {Gonzalez-Barahona, Jesus and Izquierdo, Daniel and Maffulli, Stefano and Robles, Gregorio},
  Journal                  = {IEEE Softw.},
  Year                     = {2013},

  Month                    = sep,
  Number                   = {5},
  Pages                    = {38--45},
  Volume                   = {30},

  Acmid                    = {2553381},
  Address                  = {Los Alamitos, CA, USA},
  Doi                      = {10.1109/MS.2013.95},
  ISSN                     = {0740-7459},
  Issue_date               = {September 2013},
  Keywords                 = {Software analytics,Software measurement,Electronic mail,Open source software,Statistics,computing milieu,software analytics,process metrics,measurement,software engineering,statistics},
  Numpages                 = {8},
  Publisher                = {IEEE Computer Society Press},
  Url                      = {http://dx.doi.org/10.1109/MS.2013.95}
}

@Book{Gunderloy:2005:PPM:1050963,
  Title                    = {Painless Project Management With Fogbugz},
  Author                   = {Gunderloy, Mike},
  Publisher                = {Apress},
  Year                     = {2005},

  Address                  = {Berkely, CA, USA},

  ISBN                     = {159059486X}
}

@InProceedings{Guo:2011:MBO:1958824.1958887,
  Title                    = {"Not My Bug!" and Other Reasons for Software Bug Report Reassignments},
  Author                   = {Guo, Philip J. and Zimmermann, Thomas and Nagappan, Nachiappan and Murphy, Brendan},
  Booktitle                = {Proceedings of the ACM 2011 Conference on Computer Supported Cooperative Work},
  Year                     = {2011},

  Address                  = {New York, NY, USA},
  Pages                    = {395--404},
  Publisher                = {ACM},
  Series                   = {CSCW '11},

  Acmid                    = {1958887},
  Doi                      = {10.1145/1958824.1958887},
  ISBN                     = {978-1-4503-0556-3},
  Keywords                 = {bug reassignment, bug tracking, bug triaging},
  Location                 = {Hangzhou, China},
  Numpages                 = {10},
  Url                      = {http://doi.acm.org/10.1145/1958824.1958887}
}

@InProceedings{Gupta:2014:NMB:2590748.2590749,
  Title                    = {Nirikshan: Mining Bug Report History for Discovering Process Maps, Inefficiencies and Inconsistencies},
  Author                   = {Gupta, Monika and Sureka, Ashish},
  Booktitle                = {Proceedings of the 7th India Software Engineering Conference},
  Year                     = {2014},

  Address                  = {New York, NY, USA},
  Pages                    = {1:1--1:10},
  Publisher                = {ACM},
  Series                   = {ISEC '14},

  Acmid                    = {2590749},
  Articleno                = {1},
  Doi                      = {10.1145/2590748.2590749},
  ISBN                     = {978-1-4503-2776-3},
  Keywords                 = {empirical software engineering and measurements, issue tracking system, mining software repositories, open-source software, process mining, software maintenance},
  Location                 = {Chennai, India},
  Numpages                 = {10},
  Url                      = {http://doi.acm.org/10.1145/2590748.2590749}
}

@InProceedings{Gupta:2014:PCS:2757815.2758026,
  Title                    = {Process Cube for Software Defect Resolution},
  Author                   = {Gupta, Monika and Sureka, Ashish},
  Booktitle                = {Proceedings of the 2014 21st Asia-Pacific Software Engineering Conference - Volume 01},
  Year                     = {2014},

  Address                  = {Washington, DC, USA},
  Pages                    = {239--246},
  Publisher                = {IEEE Computer Society},
  Series                   = {APSEC '14},

  Acmid                    = {2758026},
  Doi                      = {10.1109/APSEC.2014.45},
  ISBN                     = {978-1-4799-7426-9},
  Keywords                 = {Empirical Software Engineering, Issue Tracking System, Mining Software Repositories, OLAP, Peer Code Review System, Process Cube, Process Mining, Version Control System},
  Numpages                 = {8},
  Url                      = {http://dx.doi.org/10.1109/APSEC.2014.45}
}

@InProceedings{Gupta:2014:PMM:2597073.2597081,
  Title                    = {Process Mining Multiple Repositories for Software Defect Resolution from Control and Organizational Perspective},
  Author                   = {Gupta, Monika and Sureka, Ashish and Padmanabhuni, Srinivas},
  Booktitle                = {Proceedings of the 11th Working Conference on Mining Software Repositories},
  Year                     = {2014},

  Address                  = {New York, NY, USA},
  Pages                    = {122--131},
  Publisher                = {ACM},
  Series                   = {MSR 2014},

  Acmid                    = {2597081},
  Doi                      = {10.1145/2597073.2597081},
  ISBN                     = {978-1-4503-2863-0},
  Keywords                 = {Empirical Software Engineering and Measurements, Issue Tracking System, Peer Code Review System, Process Mining, Social Network Analysis, Software Maintenance},
  Location                 = {Hyderabad, India},
  Numpages                 = {10},
  Url                      = {http://doi.acm.org/10.1145/2597073.2597081}
}

@InProceedings{Habayeb:2015:FTD:2820518.2820597,
  Title                    = {The Firefox Temporal Defect Dataset},
  Author                   = {Habayeb, Mayy and Miranskyy, Andriy and Murtaza, Syed Shariyar and Buchanan, Leotis and Bener, Ayse},
  Booktitle                = {Proceedings of the 12th Working Conference on Mining Software Repositories},
  Year                     = {2015},

  Address                  = {Piscataway, NJ, USA},
  Pages                    = {498--501},
  Publisher                = {IEEE Press},
  Series                   = {MSR '15},

  Acmid                    = {2820597},
  Location                 = {Florence, Italy},
  Numpages                 = {4},
  Url                      = {http://dl.acm.org/citation.cfm?id=2820518.2820597}
}

@InProceedings{Habayeb:2015:FTD:2865656.2866110,
  Title                    = {The Firefox Temporal Defect Dataset},
  Author                   = {Habayeb, Mayy and Miranskyy, Andriy and Murtaza, Syed Shariyar and Buchanan, Leotis and Bener, Ayse},
  Booktitle                = {Proceedings of the 2015 IEEE/ACM 12th Working Conference on Mining Software Repositories},
  Year                     = {2015},

  Address                  = {Washington, DC, USA},
  Pages                    = {498--501},
  Publisher                = {IEEE Computer Society},
  Series                   = {MSR '15},

  Acmid                    = {2866110},
  Doi                      = {10.1109/MSR.2015.73},
  ISBN                     = {978-0-7695-5594-2},
  Keywords                 = {Bug repositories, Dataset, Temporal activities, Bug reports, Defect tracking},
  Numpages                 = {4},
  Url                      = {http://dx.doi.org/10.1109/MSR.2015.73}
}

@InProceedings{Hanmer:2014:MNP:2893559.2893568,
  Title                    = {Mining New Patterns by Learning from the Trenches},
  Author                   = {Hanmer, Robert S. and Mirakhorli, Mehdi},
  Booktitle                = {Proceedings of the 21st Conference on Pattern Languages of Programs},
  Year                     = {2014},

  Address                  = {USA},
  Pages                    = {9:1--9:6},
  Publisher                = {The Hillside Group},
  Series                   = {PLoP '14},

  Acmid                    = {2893568},
  Articleno                = {9},
  ISBN                     = {78-1-941652-01-5},
  Keywords                 = {design patterns, knowledge discovery, pattern mining},
  Location                 = {Monticello, Illinois},
  Numpages                 = {6},
  Url                      = {http://dl.acm.org/citation.cfm?id=2893559.2893568}
}

@Article{Hindle:2016:CAT:2911378.2911428,
  Title                    = {A Contextual Approach Towards More Accurate Duplicate Bug Report Detection and Ranking},
  Author                   = {Hindle, Abram and Alipour, Anahita and Stroulia, Eleni},
  Journal                  = {Empirical Softw. Engg.},
  Year                     = {2016},

  Month                    = apr,
  Number                   = {2},
  Pages                    = {368--410},
  Volume                   = {21},

  Acmid                    = {2911428},
  Address                  = {Hingham, MA, USA},
  Doi                      = {10.1007/s10664-015-9387-3},
  ISSN                     = {1382-3256},
  Issue_date               = {April 2016},
  Keywords                 = {Bug deduplication, Bug-tracing systems, Duplicate bug reports, Information retrieval, Issue-tracking systems, Software context, Triaging},
  Numpages                 = {43},
  Publisher                = {Kluwer Academic Publishers},
  Url                      = {http://dx.doi.org/10.1007/s10664-015-9387-3}
}

@InProceedings{Hosseini:2012:MBA:2191744.2192559,
  Title                    = {A Market-Based Bug Allocation Mechanism Using Predictive Bug Lifetimes},
  Author                   = {Hosseini, Hadi and Nguyen, Raymond and Godfrey, Michael W.},
  Booktitle                = {Proceedings of the 2012 16th European Conference on Software Maintenance and Reengineering},
  Year                     = {2012},

  Address                  = {Washington, DC, USA},
  Pages                    = {149--158},
  Publisher                = {IEEE Computer Society},
  Series                   = {CSMR '12},

  Acmid                    = {2192559},
  Doi                      = {10.1109/CSMR.2012.25},
  ISBN                     = {978-0-7695-4666-7},
  Keywords                 = {Multiagent system, market mechanism, bug lifetime, bug repositories},
  Numpages                 = {10},
  Url                      = {http://dx.doi.org/10.1109/CSMR.2012.25}
}

@InProceedings{Hu:2014:EBT:2707683.2708297,
  Title                    = {Effective Bug Triage Based on Historical Bug-Fix Information},
  Author                   = {Hu, Hao and Zhang, Hongyu and Xuan, Jifeng and Sun, Weigang},
  Booktitle                = {Proceedings of the 2014 IEEE 25th International Symposium on Software Reliability Engineering},
  Year                     = {2014},

  Address                  = {Washington, DC, USA},
  Pages                    = {122--132},
  Publisher                = {IEEE Computer Society},
  Series                   = {ISSRE '14},

  Acmid                    = {2708297},
  Doi                      = {10.1109/ISSRE.2014.17},
  ISBN                     = {978-1-4799-6033-0},
  Keywords                 = {bug report assignment, bug triage, developer recommendation, bug repository},
  Numpages                 = {11},
  Url                      = {http://dx.doi.org/10.1109/ISSRE.2014.17}
}

@InProceedings{Jeong:2009:IBT:1595696.1595715,
  Title                    = {Improving Bug Triage with Bug Tossing Graphs},
  Author                   = {Jeong, Gaeul and Kim, Sunghun and Zimmermann, Thomas},
  Booktitle                = {Proceedings of the the 7th Joint Meeting of the European Software Engineering Conference and the ACM SIGSOFT Symposium on The Foundations of Software Engineering},
  Year                     = {2009},

  Address                  = {New York, NY, USA},
  Pages                    = {111--120},
  Publisher                = {ACM},
  Series                   = {ESEC/FSE '09},

  Acmid                    = {1595715},
  Doi                      = {10.1145/1595696.1595715},
  ISBN                     = {978-1-60558-001-2},
  Keywords                 = {bug report assignment, bug tossing, bug triage, issue tracking, machine learning, problem tracking},
  Location                 = {Amsterdam, The Netherlands},
  Numpages                 = {10},
  Url                      = {http://doi.acm.org/10.1145/1595696.1595715}
}

@InProceedings{Klein:2014:NFD:2597073.2597090,
  Title                    = {New Features for Duplicate Bug Detection},
  Author                   = {Klein, Nathan and Corley, Christopher S. and Kraft, Nicholas A.},
  Booktitle                = {Proceedings of the 11th Working Conference on Mining Software Repositories},
  Year                     = {2014},

  Address                  = {New York, NY, USA},
  Pages                    = {324--327},
  Publisher                = {ACM},
  Series                   = {MSR 2014},

  Acmid                    = {2597090},
  Doi                      = {10.1145/2597073.2597090},
  ISBN                     = {978-1-4503-2863-0},
  Keywords                 = {Duplicate bug reports, machine learning, topic model},
  Location                 = {Hyderabad, India},
  Numpages                 = {4},
  Url                      = {http://doi.acm.org/10.1145/2597073.2597090}
}

@InProceedings{Knab:2009:SVA:1595696.1595746,
  Title                    = {Smart Views for Analyzing Problem Reports: Tool Demo},
  Author                   = {Knab, Patrick and Knab, Patrick and Pinzger, Martin},
  Booktitle                = {Proceedings of the the 7th Joint Meeting of the European Software Engineering Conference and the ACM SIGSOFT Symposium on The Foundations of Software Engineering},
  Year                     = {2009},

  Address                  = {New York, NY, USA},
  Pages                    = {289--290},
  Publisher                = {ACM},
  Series                   = {ESEC/FSE '09},

  Acmid                    = {1595746},
  Doi                      = {10.1145/1595696.1595746},
  ISBN                     = {978-1-60558-001-2},
  Keywords                 = {effort estimation, process metrics, visualization},
  Location                 = {Amsterdam, The Netherlands},
  Numpages                 = {2},
  Url                      = {http://doi.acm.org/10.1145/1595696.1595746}
}

@InProceedings{Kochhar:2014:AFI:2680613.2680809,
  Title                    = {Automatic Fine-Grained Issue Report Reclassification},
  Author                   = {Kochhar, Pavneet Singh and Thung, Ferdian and Lo, David},
  Booktitle                = {Proceedings of the 2014 19th International Conference on Engineering of Complex Computer Systems},
  Year                     = {2014},

  Address                  = {Washington, DC, USA},
  Pages                    = {126--135},
  Publisher                = {IEEE Computer Society},
  Series                   = {ICECCS '14},

  Acmid                    = {2680809},
  Doi                      = {10.1109/ICECCS.2014.25},
  ISBN                     = {978-1-4799-5482-7},
  Keywords                 = {Issue Reports, Fine-Grained, Reclassification},
  Numpages                 = {10},
  Url                      = {http://dx.doi.org/10.1109/ICECCS.2014.25}
}

@InProceedings{Kochhar:2014:PBB:2642937.2642997,
  Title                    = {Potential Biases in Bug Localization: Do They Matter?},
  Author                   = {Kochhar, Pavneet Singh and Tian, Yuan and Lo, David},
  Booktitle                = {Proceedings of the 29th ACM/IEEE International Conference on Automated Software Engineering},
  Year                     = {2014},

  Address                  = {New York, NY, USA},
  Pages                    = {803--814},
  Publisher                = {ACM},
  Series                   = {ASE '14},

  Acmid                    = {2642997},
  Doi                      = {10.1145/2642937.2642997},
  ISBN                     = {978-1-4503-3013-8},
  Keywords                 = {bias, bug localization, empirical study, issue reports},
  Location                 = {Vasteras, Sweden},
  Numpages                 = {12},
  Url                      = {http://doi.acm.org/10.1145/2642937.2642997}
}

@InProceedings{Koopaei:2015:CAD:2886444.2886474,
  Title                    = {CrashAutomata: An Approach for the Detection of Duplicate Crash Reports Based on Generalizable Automata},
  Author                   = {Koopaei, Neda Ebrahimi and Hamou-Lhadj, Abdelwahab},
  Booktitle                = {Proceedings of the 25th Annual International Conference on Computer Science and Software Engineering},
  Year                     = {2015},

  Address                  = {Riverton, NJ, USA},
  Pages                    = {201--210},
  Publisher                = {IBM Corp.},
  Series                   = {CASCON '15},

  Acmid                    = {2886474},
  Keywords                 = {automata-based modeling, duplicate bug reports, mining bug repositories, software maintenance},
  Location                 = {Markham, Canada},
  Numpages                 = {10},
  Url                      = {http://dl.acm.org/citation.cfm?id=2886444.2886474}
}

@InProceedings{Koponen:2006:EFO:1193212.1193822,
  Title                    = {Evaluation Framework for Open Source Software Maintenance},
  Author                   = {Koponen, Timo},
  Booktitle                = {Proceedings of the International Conference on Software Engineering Advances},
  Year                     = {2006},

  Address                  = {Washington, DC, USA},
  Pages                    = {52--},
  Publisher                = {IEEE Computer Society},
  Series                   = {ICSEA '06},

  Acmid                    = {1193822},
  Doi                      = {10.1109/ICSEA.2006.39},
  ISBN                     = {0-7695-2703-5},
  Keywords                 = {Problem tracking, issue tracking, bug report, software modification, defect life cycle, metrics},
  Url                      = {http://dx.doi.org/10.1109/ICSEA.2006.39}
}

@InProceedings{Kshirsagar:2015:ITS:2818567.2818575,
  Title                    = {Issue Tracking System with Duplicate Issue Detection},
  Author                   = {Kshirsagar, Aniruddha Prakash and Chandre, Pankaj R.},
  Booktitle                = {Proceedings of the Sixth International Conference on Computer and Communication Technology 2015},
  Year                     = {2015},

  Address                  = {New York, NY, USA},
  Pages                    = {41--45},
  Publisher                = {ACM},
  Series                   = {ICCCT '15},

  Acmid                    = {2818575},
  Doi                      = {10.1145/2818567.2818575},
  ISBN                     = {978-1-4503-3552-2},
  Keywords                 = {Duplicate detection, ITS, Issue, QAS, bugs},
  Location                 = {Allahabad, India},
  Numpages                 = {5},
  Url                      = {http://doi.acm.org/10.1145/2818567.2818575}
}

@InProceedings{Lal:2012:CSB:2452575.2454415,
  Title                    = {Comparison of Seven Bug Report Types: A Case-Study of Google Chrome Browser Project},
  Author                   = {Lal, Sangeeta and Sureka, Ashish},
  Booktitle                = {Proceedings of the 2012 19th Asia-Pacific Software Engineering Conference - Volume 01},
  Year                     = {2012},

  Address                  = {Washington, DC, USA},
  Pages                    = {517--526},
  Publisher                = {IEEE Computer Society},
  Series                   = {APSEC '12},

  Acmid                    = {2454415},
  Doi                      = {10.1109/APSEC.2012.54},
  ISBN                     = {978-0-7695-4922-4},
  Keywords                 = {Mining Software Repositories, Software Maintenance, Issue Tracking Systems, Mining Bug Archives},
  Numpages                 = {10},
  Url                      = {http://dx.doi.org/10.1109/APSEC.2012.54}
}

@InProceedings{Lazar:2014:GDB:2597073.2597128,
  Title                    = {Generating Duplicate Bug Datasets},
  Author                   = {Lazar, Alina and Ritchey, Sarah and Sharif, Bonita},
  Booktitle                = {Proceedings of the 11th Working Conference on Mining Software Repositories},
  Year                     = {2014},

  Address                  = {New York, NY, USA},
  Pages                    = {392--395},
  Publisher                = {ACM},
  Series                   = {MSR 2014},

  Acmid                    = {2597128},
  Doi                      = {10.1145/2597073.2597128},
  ISBN                     = {978-1-4503-2863-0},
  Keywords                 = {Data Repositories, Duplicate Bug Pairs, Duplicate Bug Reports},
  Location                 = {Hyderabad, India},
  Numpages                 = {4},
  Url                      = {http://doi.acm.org/10.1145/2597073.2597128}
}

@InProceedings{Lerch:2013:FDY:2495256.2495763,
  Title                    = {Finding Duplicates of Your Yet Unwritten Bug Report},
  Author                   = {Lerch, Johannes and Mezini, Mira},
  Booktitle                = {Proceedings of the 2013 17th European Conference on Software Maintenance and Reengineering},
  Year                     = {2013},

  Address                  = {Washington, DC, USA},
  Pages                    = {69--78},
  Publisher                = {IEEE Computer Society},
  Series                   = {CSMR '13},

  Acmid                    = {2495763},
  Doi                      = {10.1109/CSMR.2013.17},
  ISBN                     = {978-0-7695-4948-4},
  Keywords                 = {stack trace, duplicate detection, bug report},
  Numpages                 = {10},
  Url                      = {http://dx.doi.org/10.1109/CSMR.2013.17}
}

@InProceedings{Liu:2012:TBR:2393596.2393628,
  Title                    = {Has This Bug Been Reported?},
  Author                   = {Liu, Kaiping and Tan, Hee Beng Kuan and Chandramohan, Mahinthan},
  Booktitle                = {Proceedings of the ACM SIGSOFT 20th International Symposium on the Foundations of Software Engineering},
  Year                     = {2012},

  Address                  = {New York, NY, USA},
  Pages                    = {28:1--28:4},
  Publisher                = {ACM},
  Series                   = {FSE '12},

  Acmid                    = {2393628},
  Articleno                = {28},
  Doi                      = {10.1145/2393596.2393628},
  ISBN                     = {978-1-4503-1614-9},
  Keywords                 = {bug report, bug tracking system, duplicate, learning to rank, search engine, search quality},
  Location                 = {Cary, North Carolina},
  Numpages                 = {4},
  Url                      = {http://doi.acm.org/10.1145/2393596.2393628}
}

@InProceedings{Lotufo:2012:TIB:2664446.2664448,
  Title                    = {Towards Improving Bug Tracking Systems with Game Mechanisms},
  Author                   = {Lotufo, Rafael and Passos, Leonardo and Czarnecki, Krzysztof},
  Booktitle                = {Proceedings of the 9th IEEE Working Conference on Mining Software Repositories},
  Year                     = {2012},

  Address                  = {Piscataway, NJ, USA},
  Pages                    = {2--11},
  Publisher                = {IEEE Press},
  Series                   = {MSR '12},

  Acmid                    = {2664448},
  ISBN                     = {978-1-4673-1761-0},
  Location                 = {Zurich, Switzerland},
  Numpages                 = {10},
  Url                      = {http://dl.acm.org/citation.cfm?id=2664446.2664448}
}

@InProceedings{Mani:2012:AAU:2393596.2393607,
  Title                    = {AUSUM: Approach for Unsupervised Bug Report Summarization},
  Author                   = {Mani, Senthil and Catherine, Rose and Sinha, Vibha Singhal and Dubey, Avinava},
  Booktitle                = {Proceedings of the ACM SIGSOFT 20th International Symposium on the Foundations of Software Engineering},
  Year                     = {2012},

  Address                  = {New York, NY, USA},
  Pages                    = {11:1--11:11},
  Publisher                = {ACM},
  Series                   = {FSE '12},

  Acmid                    = {2393607},
  Articleno                = {11},
  Doi                      = {10.1145/2393596.2393607},
  ISBN                     = {978-1-4503-1614-9},
  Keywords                 = {bug report, summarization, unsupervised},
  Location                 = {Cary, North Carolina},
  Numpages                 = {11},
  Url                      = {http://doi.acm.org/10.1145/2393596.2393607}
}

@InProceedings{Mani:2013:BRC:2487085.2487124,
  Title                    = {Bug Resolution Catalysts: Identifying Essential Non-committers from Bug Repositories},
  Author                   = {Mani, Senthil and Nagar, Seema and Mukherjee, Debdoot and Narayanam, Ramasuri and Sinha, Vibha Singhal and Nanavati, Amit A.},
  Booktitle                = {Proceedings of the 10th Working Conference on Mining Software Repositories},
  Year                     = {2013},

  Address                  = {Piscataway, NJ, USA},
  Pages                    = {193--202},
  Publisher                = {IEEE Press},
  Series                   = {MSR '13},

  Acmid                    = {2487124},
  ISBN                     = {978-1-4673-2936-1},
  Location                 = {San Francisco, CA, USA},
  Numpages                 = {10},
  Url                      = {http://dl.acm.org/citation.cfm?id=2487085.2487124}
}

@InProceedings{Michail:2005:HUA:1062455.1062490,
  Title                    = {Helping Users Avoid Bugs in GUI Applications},
  Author                   = {Michail, Amir and Xie, Tao},
  Booktitle                = {Proceedings of the 27th International Conference on Software Engineering},
  Year                     = {2005},

  Address                  = {New York, NY, USA},
  Pages                    = {107--116},
  Publisher                = {ACM},
  Series                   = {ICSE '05},

  Acmid                    = {1062490},
  Doi                      = {10.1145/1062455.1062490},
  ISBN                     = {1-58113-963-2},
  Keywords                 = {bug prediction, bug tracking system, fault evasion, gui applications, software testing, software tools},
  Location                 = {St. Louis, MO, USA},
  Numpages                 = {10},
  Url                      = {http://doi.acm.org/10.1145/1062455.1062490}
}

@InProceedings{Mittal:2014:PMS:2591062.2591152,
  Title                    = {Process Mining Software Repositories from Student Projects in an Undergraduate Software Engineering Course},
  Author                   = {Mittal, Megha and Sureka, Ashish},
  Booktitle                = {Companion Proceedings of the 36th International Conference on Software Engineering},
  Year                     = {2014},

  Address                  = {New York, NY, USA},
  Pages                    = {344--353},
  Publisher                = {ACM},
  Series                   = {ICSE Companion 2014},

  Acmid                    = {2591152},
  Doi                      = {10.1145/2591062.2591152},
  ISBN                     = {978-1-4503-2768-8},
  Keywords                 = {Education Data Mining, Learning Analytic, Mining Software Repositories, Process Mining, Software Engineering Education},
  Location                 = {Hyderabad, India},
  Numpages                 = {10},
  Url                      = {http://doi.acm.org/10.1145/2591062.2591152}
}

@InProceedings{Moran:2015:EAA:2786805.2807557,
  Title                    = {Enhancing Android Application Bug Reporting},
  Author                   = {Moran, Kevin},
  Booktitle                = {Proceedings of the 2015 10th Joint Meeting on Foundations of Software Engineering},
  Year                     = {2015},

  Address                  = {New York, NY, USA},
  Pages                    = {1045--1047},
  Publisher                = {ACM},
  Series                   = {ESEC/FSE 2015},

  Acmid                    = {2807557},
  Doi                      = {10.1145/2786805.2807557},
  ISBN                     = {978-1-4503-3675-8},
  Keywords                 = {Bug reports, android, auto-completion, reproduction steps},
  Location                 = {Bergamo, Italy},
  Numpages                 = {3},
  Url                      = {http://doi.acm.org/10.1145/2786805.2807557}
}

@InProceedings{Moran:2015:ABR:2786805.2786857,
  Title                    = {Auto-completing Bug Reports for Android Applications},
  Author                   = {Moran, Kevin and Linares-V\'{a}squez, Mario and Bernal-C\'{a}rdenas, Carlos and Poshyvanyk, Denys},
  Booktitle                = {Proceedings of the 2015 10th Joint Meeting on Foundations of Software Engineering},
  Year                     = {2015},

  Address                  = {New York, NY, USA},
  Pages                    = {673--686},
  Publisher                = {ACM},
  Series                   = {ESEC/FSE 2015},

  Acmid                    = {2786857},
  Doi                      = {10.1145/2786805.2786857},
  ISBN                     = {978-1-4503-3675-8},
  Keywords                 = {Bug reports, android, auto-completion, reproduction steps},
  Location                 = {Bergamo, Italy},
  Numpages                 = {14},
  Url                      = {http://doi.acm.org/10.1145/2786805.2786857}
}

@InProceedings{Murgia:2014:DFE:2597073.2597086,
  Title                    = {Do Developers Feel Emotions? An Exploratory Analysis of Emotions in Software Artifacts},
  Author                   = {Murgia, Alessandro and Tourani, Parastou and Adams, Bram and Ortu, Marco},
  Booktitle                = {Proceedings of the 11th Working Conference on Mining Software Repositories},
  Year                     = {2014},

  Address                  = {New York, NY, USA},
  Pages                    = {262--271},
  Publisher                = {ACM},
  Series                   = {MSR 2014},

  Acmid                    = {2597086},
  Doi                      = {10.1145/2597073.2597086},
  ISBN                     = {978-1-4503-2863-0},
  Keywords                 = {Emotion Mining, Empirical Software Engineer- ing, Issue Report},
  Location                 = {Hyderabad, India},
  Numpages                 = {10},
  Url                      = {http://doi.acm.org/10.1145/2597073.2597086}
}

@InProceedings{Naguib:2013:BRA:2487085.2487091,
  Title                    = {Bug Report Assignee Recommendation Using Activity Profiles},
  Author                   = {Naguib, Hoda and Narayan, Nitesh and Br\"{u}gge, Bernd and Helal, Dina},
  Booktitle                = {Proceedings of the 10th Working Conference on Mining Software Repositories},
  Year                     = {2013},

  Address                  = {Piscataway, NJ, USA},
  Pages                    = {22--30},
  Publisher                = {IEEE Press},
  Series                   = {MSR '13},

  Acmid                    = {2487091},
  ISBN                     = {978-1-4673-2936-1},
  Location                 = {San Francisco, CA, USA},
  Numpages                 = {9},
  Url                      = {http://dl.acm.org/citation.cfm?id=2487085.2487091}
}

@InProceedings{Netto:2010:AAS:1915078.1916019,
  Title                    = {An Automated Approach for Scheduling Bug Fix Tasks},
  Author                   = {Netto, Fernando and Barros, Marcio Oliveira and Alvim, Adriana C. F.},
  Booktitle                = {Proceedings of the 2010 Brazilian Symposium on Software Engineering},
  Year                     = {2010},

  Address                  = {Washington, DC, USA},
  Pages                    = {80--89},
  Publisher                = {IEEE Computer Society},
  Series                   = {SBES '10},

  Acmid                    = {1916019},
  Doi                      = {10.1109/SBES.2010.16},
  ISBN                     = {978-0-7695-4273-7},
  Keywords                 = {Search based software engineering, bug resolution, task allocation},
  Numpages                 = {10},
  Url                      = {http://dx.doi.org/10.1109/SBES.2010.16}
}

@InProceedings{Nguyen:2012:MAR:2393596.2393671,
  Title                    = {Multi-layered Approach for Recovering Links Between Bug Reports and Fixes},
  Author                   = {Nguyen, Anh Tuan and Nguyen, Tung Thanh and Nguyen, Hoan Anh and Nguyen, Tien N.},
  Booktitle                = {Proceedings of the ACM SIGSOFT 20th International Symposium on the Foundations of Software Engineering},
  Year                     = {2012},

  Address                  = {New York, NY, USA},
  Pages                    = {63:1--63:11},
  Publisher                = {ACM},
  Series                   = {FSE '12},

  Acmid                    = {2393671},
  Articleno                = {63},
  Doi                      = {10.1145/2393596.2393671},
  ISBN                     = {978-1-4503-1614-9},
  Keywords                 = {bug-to-fix links, bugs, fixes, mining software repository},
  Location                 = {Cary, North Carolina},
  Numpages                 = {11},
  Url                      = {http://doi.acm.org/10.1145/2393596.2393671}
}

@InProceedings{Ortu:2015:JRD:2810146.2810147,
  Title                    = {The JIRA Repository Dataset: Understanding Social Aspects of Software Development},
  Author                   = {Ortu, Marco and Destefanis, Giuseppe and Adams, Bram and Murgia, Alessandro and Marchesi, Michele and Tonelli, Roberto},
  Booktitle                = {Proceedings of the 11th International Conference on Predictive Models and Data Analytics in Software Engineering},
  Year                     = {2015},

  Address                  = {New York, NY, USA},
  Pages                    = {1:1--1:4},
  Publisher                = {ACM},
  Series                   = {PROMISE '15},

  Acmid                    = {2810147},
  Articleno                = {1},
  Doi                      = {10.1145/2810146.2810147},
  ISBN                     = {978-1-4503-3715-1},
  Keywords                 = {Affective Analysis, Issue Report, Mining software repository},
  Location                 = {Beijing, China},
  Numpages                 = {4},
  Url                      = {http://doi.acm.org/10.1145/2810146.2810147}
}

@InProceedings{Prifti:2011:DBD:2020390.2020398,
  Title                    = {Detecting Bug Duplicate Reports Through Local References},
  Author                   = {Prifti, Tomi and Banerjee, Sean and Cukic, Bojan},
  Booktitle                = {Proceedings of the 7th International Conference on Predictive Models in Software Engineering},
  Year                     = {2011},

  Address                  = {New York, NY, USA},
  Pages                    = {8:1--8:9},
  Publisher                = {ACM},
  Series                   = {Promise '11},

  Acmid                    = {2020398},
  Articleno                = {8},
  Doi                      = {10.1145/2020390.2020398},
  ISBN                     = {978-1-4503-0709-3},
  Keywords                 = {bug tacking systems, duplicate bug reports, software maintenance, software quality},
  Location                 = {Banff, Alberta, Canada},
  Numpages                 = {9},
  Url                      = {http://doi.acm.org/10.1145/2020390.2020398}
}

@InProceedings{Rastogi:2013:SMI:2442754.2442757,
  Title                    = {Samiksha: Mining Issue Tracking System for Contribution and Performance Assessment},
  Author                   = {Rastogi, Ayushi and Gupta, Arpit and Sureka, Ashish},
  Booktitle                = {Proceedings of the 6th India Software Engineering Conference},
  Year                     = {2013},

  Address                  = {New York, NY, USA},
  Pages                    = {13--22},
  Publisher                = {ACM},
  Series                   = {ISEC '13},

  Acmid                    = {2442757},
  Doi                      = {10.1145/2442754.2442757},
  ISBN                     = {978-1-4503-1987-4},
  Keywords                 = {developer contribution assessment, issue tracking system, mining software repositories, software maintenance},
  Location                 = {New Delhi, India},
  Numpages                 = {10},
  Url                      = {http://doi.acm.org/10.1145/2442754.2442757}
}

@InProceedings{Romo:2015:TAT:2745802.2745833,
  Title                    = {Towards an Automation of the Traceability of Bugs from Development Logs: A Study Based on Open Source Software},
  Author                   = {Romo, Bilyaminu Auwal and Capiluppi, Andrea},
  Booktitle                = {Proceedings of the 19th International Conference on Evaluation and Assessment in Software Engineering},
  Year                     = {2015},

  Address                  = {New York, NY, USA},
  Pages                    = {33:1--33:6},
  Publisher                = {ACM},
  Series                   = {EASE '15},

  Acmid                    = {2745833},
  Articleno                = {33},
  Doi                      = {10.1145/2745802.2745833},
  ISBN                     = {978-1-4503-3350-4},
  Keywords                 = {bug accuracy, bug traceability, bug-fixing commits},
  Location                 = {Nanjing, China},
  Numpages                 = {6},
  Url                      = {http://doi.acm.org/10.1145/2745802.2745833}
}

@InProceedings{Romo:2014:FGD:2641580.2641592,
  Title                    = {Filling the Gaps of Development Logs and Bug Issue Data},
  Author                   = {Romo, Bilyaminu Auwal and Capiluppi, Andrea and Hall, Tracy},
  Booktitle                = {Proceedings of The International Symposium on Open Collaboration},
  Year                     = {2014},

  Address                  = {New York, NY, USA},
  Pages                    = {8:1--8:4},
  Publisher                = {ACM},
  Series                   = {OpenSym '14},

  Acmid                    = {2641592},
  Articleno                = {8},
  Doi                      = {10.1145/2641580.2641592},
  ISBN                     = {978-1-4503-3016-9},
  Keywords                 = {Bug traceability, bug-fixing commits},
  Location                 = {Berlin, Germany},
  Numpages                 = {4},
  Url                      = {http://doi.acm.org/10.1145/2641580.2641592}
}

@Article{Saha:2015:UTF:2791609.2792085,
  Title                    = {Understanding the Triaging and Fixing Processes of Long Lived Bugs},
  Author                   = {Saha, Ripon K. and Khurshid, Sarfraz and Perry, Dewayne E.},
  Journal                  = {Inf. Softw. Technol.},
  Year                     = {2015},

  Month                    = sep,
  Number                   = {C},
  Pages                    = {114--128},
  Volume                   = {65},

  Acmid                    = {2792085},
  Address                  = {Newton, MA, USA},
  Doi                      = {10.1016/j.infsof.2015.03.002},
  ISSN                     = {0950-5849},
  Issue_date               = {September 2015},
  Keywords                 = {Bug survival time, Bug tracking, Bug triaging},
  Numpages                 = {15},
  Publisher                = {Butterworth-Heinemann},
  Url                      = {http://dx.doi.org/10.1016/j.infsof.2015.03.002}
}

@InProceedings{Saha:2015:TBR:2820518.2820550,
  Title                    = {Are These Bugs Really "Normal"?},
  Author                   = {Saha, Ripon K. and Lawall, Julia and Khurshid, Sarfraz and Perry, Dewayne E.},
  Booktitle                = {Proceedings of the 12th Working Conference on Mining Software Repositories},
  Year                     = {2015},

  Address                  = {Piscataway, NJ, USA},
  Pages                    = {258--268},
  Publisher                = {IEEE Press},
  Series                   = {MSR '15},

  Acmid                    = {2820550},
  Keywords                 = {bug severity, bug tracking system, mining software repositories},
  Location                 = {Florence, Italy},
  Numpages                 = {11},
  Url                      = {http://dl.acm.org/citation.cfm?id=2820518.2820550}
}

@InProceedings{Saha:2015:TBR:2865656.2866147,
  Title                    = {Are These Bugs Really "Normal"?},
  Author                   = {Saha, Ripon K. and Lawall, Julia and Khurshid, Sarfraz and Perry, Dewayne E.},
  Booktitle                = {Proceedings of the 2015 IEEE/ACM 12th Working Conference on Mining Software Repositories},
  Year                     = {2015},

  Address                  = {Washington, DC, USA},
  Pages                    = {258--268},
  Publisher                = {IEEE Computer Society},
  Series                   = {MSR '15},

  Acmid                    = {2866147},
  Doi                      = {10.1109/MSR.2015.31},
  ISBN                     = {978-0-7695-5594-2},
  Keywords                 = {Bug Severity, Bug Tracking System, Mining Software Repositories},
  Numpages                 = {11},
  Url                      = {http://dx.doi.org/10.1109/MSR.2015.31}
}

@InProceedings{Sasso:2014:MSD:2705615.2706091,
  Title                    = {Managing Software Defects},
  Author                   = {Sasso, Tommaso Dal},
  Booktitle                = {Proceedings of the 2014 IEEE International Conference on Software Maintenance and Evolution},
  Year                     = {2014},

  Address                  = {Washington, DC, USA},
  Pages                    = {669--},
  Publisher                = {IEEE Computer Society},
  Series                   = {ICSME '14},

  Acmid                    = {2706091},
  Doi                      = {10.1109/ICSME.2014.124},
  ISBN                     = {978-1-4799-6146-7},
  Url                      = {http://dx.doi.org/10.1109/ICSME.2014.124}
}

@InProceedings{Shokripour:2012:ABA:2494763.2495002,
  Title                    = {Automatic Bug Assignment Using Information Extraction Methods},
  Author                   = {Shokripour, Ramin and Kasirun, Zarinah M. and Zamani, Sima and Anvik, John},
  Booktitle                = {Proceedings of the 2012 International Conference on Advanced Computer Science Applications and Technologies},
  Year                     = {2012},

  Address                  = {Washington, DC, USA},
  Pages                    = {144--149},
  Publisher                = {IEEE Computer Society},
  Series                   = {ACSAT '12},

  Acmid                    = {2495002},
  Doi                      = {10.1109/ACSAT.2012.56},
  ISBN                     = {978-0-7695-4959-0},
  Keywords                 = {Bug Assignment, Information Extraction, Named Entity Recognition, File Activity Histories},
  Numpages                 = {6},
  Url                      = {http://dx.doi.org/10.1109/ACSAT.2012.56}
}

@InProceedings{Somasundaram:2012:ACB:2134254.2134276,
  Title                    = {Automatic Categorization of Bug Reports Using Latent Dirichlet Allocation},
  Author                   = {Somasundaram, Kalyanasundaram and Murphy, Gail C.},
  Booktitle                = {Proceedings of the 5th India Software Engineering Conference},
  Year                     = {2012},

  Address                  = {New York, NY, USA},
  Pages                    = {125--130},
  Publisher                = {ACM},
  Series                   = {ISEC '12},

  Acmid                    = {2134276},
  Doi                      = {10.1145/2134254.2134276},
  ISBN                     = {978-1-4503-1142-7},
  Keywords                 = {component recommendation, recommendation system, software bug triage},
  Location                 = {Kanpur, India},
  Numpages                 = {6},
  Url                      = {http://doi.acm.org/10.1145/2134254.2134276}
}

@InProceedings{Song:2010:JDD:1810295.1810368,
  Title                    = {JDF: Detecting Duplicate Bug Reports in Jazz},
  Author                   = {Song, Yoonki and Wang, Xiaoyin and Xie, Tao and Zhang, Lu and Mei, Hong},
  Booktitle                = {Proceedings of the 32Nd ACM/IEEE International Conference on Software Engineering - Volume 2},
  Year                     = {2010},

  Address                  = {New York, NY, USA},
  Pages                    = {315--316},
  Publisher                = {ACM},
  Series                   = {ICSE '10},

  Acmid                    = {1810368},
  Doi                      = {10.1145/1810295.1810368},
  ISBN                     = {978-1-60558-719-6},
  Keywords                 = {bug report, execution information, information retrieval},
  Location                 = {Cape Town, South Africa},
  Numpages                 = {2},
  Url                      = {http://doi.acm.org/10.1145/1810295.1810368}
}

@InProceedings{Sun:2011:TMA:2190078.2190180,
  Title                    = {Towards More Accurate Retrieval of Duplicate Bug Reports},
  Author                   = {Sun, Chengnian and Lo, David and Khoo, Siau-Cheng and Jiang, Jing},
  Booktitle                = {Proceedings of the 2011 26th IEEE/ACM International Conference on Automated Software Engineering},
  Year                     = {2011},

  Address                  = {Washington, DC, USA},
  Pages                    = {253--262},
  Publisher                = {IEEE Computer Society},
  Series                   = {ASE '11},

  Acmid                    = {2190180},
  Doi                      = {10.1109/ASE.2011.6100061},
  ISBN                     = {978-1-4577-1638-6},
  Numpages                 = {10},
  Url                      = {http://dx.doi.org/10.1109/ASE.2011.6100061}
}

@InProceedings{Sun:2010:DMA:1806799.1806811,
  Title                    = {A Discriminative Model Approach for Accurate Duplicate Bug Report Retrieval},
  Author                   = {Sun, Chengnian and Lo, David and Wang, Xiaoyin and Jiang, Jing and Khoo, Siau-Cheng},
  Booktitle                = {Proceedings of the 32Nd ACM/IEEE International Conference on Software Engineering - Volume 1},
  Year                     = {2010},

  Address                  = {New York, NY, USA},
  Pages                    = {45--54},
  Publisher                = {ACM},
  Series                   = {ICSE '10},

  Acmid                    = {1806811},
  Doi                      = {10.1145/1806799.1806811},
  ISBN                     = {978-1-60558-719-6},
  Location                 = {Cape Town, South Africa},
  Numpages                 = {10},
  Url                      = {http://doi.acm.org/10.1145/1806799.1806811}
}

@Article{Tappolet:2010:SWE:1833903.1834015,
  Title                    = {Semantic Web Enabled Software Analysis},
  Author                   = {Tappolet, Jonas and Kiefer, Christoph and Bernstein, Abraham},
  Journal                  = {Web Semant.},
  Year                     = {2010},

  Month                    = jul,
  Number                   = {2-3},
  Pages                    = {225--240},
  Volume                   = {8},

  Acmid                    = {1834015},
  Address                  = {Amsterdam, The Netherlands, The Netherlands},
  Doi                      = {10.1016/j.websem.2010.04.009},
  ISSN                     = {1570-8268},
  Issue_date               = {July, 2010},
  Keywords                 = {Bug prediction, Software comprehension framework, Software evolution, Software release similarity},
  Numpages                 = {16},
  Publisher                = {Elsevier Science Publishers B. V.},
  Url                      = {http://dx.doi.org/10.1016/j.websem.2010.04.009}
}

@InProceedings{Thung:2014:DIT:2642937.2648627,
  Title                    = {DupFinder: Integrated Tool Support for Duplicate Bug Report Detection},
  Author                   = {Thung, Ferdian and Kochhar, Pavneet Singh and Lo, David},
  Booktitle                = {Proceedings of the 29th ACM/IEEE International Conference on Automated Software Engineering},
  Year                     = {2014},

  Address                  = {New York, NY, USA},
  Pages                    = {871--874},
  Publisher                = {ACM},
  Series                   = {ASE '14},

  Acmid                    = {2648627},
  Doi                      = {10.1145/2642937.2648627},
  ISBN                     = {978-1-4503-3013-8},
  Keywords                 = {bugzilla, duplicate bug reports, integrated tool support},
  Location                 = {Vasteras, Sweden},
  Numpages                 = {4},
  Url                      = {http://doi.acm.org/10.1145/2642937.2648627}
}

@InProceedings{Thung:2014:BIT:2635868.2661678,
  Title                    = {BugLocalizer: Integrated Tool Support for Bug Localization},
  Author                   = {Thung, Ferdian and Le, Tien-Duy B. and Kochhar, Pavneet Singh and Lo, David},
  Booktitle                = {Proceedings of the 22Nd ACM SIGSOFT International Symposium on Foundations of Software Engineering},
  Year                     = {2014},

  Address                  = {New York, NY, USA},
  Pages                    = {767--770},
  Publisher                = {ACM},
  Series                   = {FSE 2014},

  Acmid                    = {2661678},
  Doi                      = {10.1145/2635868.2661678},
  ISBN                     = {978-1-4503-3056-5},
  Keywords                 = {Bug localization, Bugzilla, git},
  Location                 = {Hong Kong, China},
  Numpages                 = {4},
  Url                      = {http://doi.acm.org/10.1145/2635868.2661678}
}

@InProceedings{Tian:2013:DPP:2550526.2550574,
  Title                    = {DRONE: Predicting Priority of Reported Bugs by Multi-factor Analysis},
  Author                   = {Tian, Yuan and Lo, David and Sun, Chengnian},
  Booktitle                = {Proceedings of the 2013 IEEE International Conference on Software Maintenance},
  Year                     = {2013},

  Address                  = {Washington, DC, USA},
  Pages                    = {200--209},
  Publisher                = {IEEE Computer Society},
  Series                   = {ICSM '13},

  Acmid                    = {2550574},
  Doi                      = {10.1109/ICSM.2013.31},
  ISBN                     = {978-0-7695-4981-1},
  Numpages                 = {10},
  Url                      = {http://dx.doi.org/10.1109/ICSM.2013.31}
}

@Article{Tian:2015:APB:2821954.2821959,
  Title                    = {Automated Prediction of Bug Report Priority Using Multi-factor Analysis},
  Author                   = {Tian, Yuan and Lo, David and Xia, Xin and Sun, Chengnian},
  Journal                  = {Empirical Softw. Engg.},
  Year                     = {2015},

  Month                    = oct,
  Number                   = {5},
  Pages                    = {1354--1383},
  Volume                   = {20},

  Acmid                    = {2821959},
  Address                  = {Hingham, MA, USA},
  Doi                      = {10.1007/s10664-014-9331-y},
  ISSN                     = {1382-3256},
  Issue_date               = {October 2015},
  Keywords                 = {Bug report management, Multi-factor analysis, Priority prediction},
  Numpages                 = {30},
  Publisher                = {Kluwer Academic Publishers},
  Url                      = {http://dx.doi.org/10.1007/s10664-014-9331-y}
}

@InProceedings{Tian:2012:IDB:2191744.2192585,
  Title                    = {Improved Duplicate Bug Report Identification},
  Author                   = {Tian, Yuan and Sun, Chengnian and Lo, David},
  Booktitle                = {Proceedings of the 2012 16th European Conference on Software Maintenance and Reengineering},
  Year                     = {2012},

  Address                  = {Washington, DC, USA},
  Pages                    = {385--390},
  Publisher                = {IEEE Computer Society},
  Series                   = {CSMR '12},

  Acmid                    = {2192585},
  Doi                      = {10.1109/CSMR.2012.48},
  ISBN                     = {978-0-7695-4666-7},
  Keywords                 = {Duplicate bug reports, relative similarity, Bugzilla},
  Numpages                 = {6},
  Url                      = {http://dx.doi.org/10.1109/CSMR.2012.48}
}

@InProceedings{Tong:2015:CPB:2867542.2867798,
  Title                    = {Characterizing and Predicting Bug Assignment in OpenStack},
  Author                   = {Tong, Jia and Ying, Li and Xiaoyong, Yuan and Hongyan, Tang and Zhonghai, Wu},
  Booktitle                = {Proceedings of the 2015 Second International Conference on Trustworthy Systems and Their Applications},
  Year                     = {2015},

  Address                  = {Washington, DC, USA},
  Pages                    = {16--23},
  Publisher                = {IEEE Computer Society},
  Series                   = {TSA '15},

  Acmid                    = {2867798},
  Doi                      = {10.1109/TSA.2015.14},
  ISBN                     = {978-1-4673-9581-6},
  Keywords                 = {open source, cloud computing, bug assignment, long tail},
  Numpages                 = {8},
  Url                      = {http://dx.doi.org/10.1109/TSA.2015.14}
}

@InProceedings{Tu:2014:MQI:2677832.2677844,
  Title                    = {Measuring the Quality of Issue Tracking Data},
  Author                   = {Tu, Feifei and Zhang, Feixue},
  Booktitle                = {Proceedings of the 6th Asia-Pacific Symposium on Internetware on Internetware},
  Year                     = {2014},

  Address                  = {New York, NY, USA},
  Pages                    = {76--79},
  Publisher                = {ACM},
  Series                   = {INTERNETWARE 2014},

  Acmid                    = {2677844},
  Doi                      = {10.1145/2677832.2677844},
  ISBN                     = {978-1-4503-3303-0},
  Keywords                 = {Data Quality, Issue Report, Quality Evaluator},
  Location                 = {Hong Kong, China},
  Numpages                 = {4},
  Url                      = {http://doi.acm.org/10.1145/2677832.2677844}
}

@InProceedings{Vahabzadeh:2015:ESB:2881297.2881370,
  Title                    = {An Empirical Study of Bugs in Test Code},
  Author                   = {Vahabzadeh, Arash and Fard, Amin Milani and Mesbah, Ali},
  Booktitle                = {Proceedings of the 2015 IEEE International Conference on Software Maintenance and Evolution (ICSME)},
  Year                     = {2015},

  Address                  = {Washington, DC, USA},
  Pages                    = {101--110},
  Publisher                = {IEEE Computer Society},
  Series                   = {ICSME '15},

  Acmid                    = {2881370},
  Doi                      = {10.1109/ICSM.2015.7332456},
  ISBN                     = {978-1-4673-7532-0},
  Numpages                 = {10},
  Url                      = {http://dx.doi.org/10.1109/ICSM.2015.7332456}
}

@InProceedings{ValdiviaGarcia:2014:CPB:2597073.2597099,
  Title                    = {Characterizing and Predicting Blocking Bugs in Open Source Projects},
  Author                   = {Valdivia Garcia, Harold and Shihab, Emad},
  Booktitle                = {Proceedings of the 11th Working Conference on Mining Software Repositories},
  Year                     = {2014},

  Address                  = {New York, NY, USA},
  Pages                    = {72--81},
  Publisher                = {ACM},
  Series                   = {MSR 2014},

  Acmid                    = {2597099},
  Doi                      = {10.1145/2597073.2597099},
  ISBN                     = {978-1-4503-2863-0},
  Keywords                 = {Code Metrics, Post-release Defects, Process Metrics},
  Location                 = {Hyderabad, India},
  Numpages                 = {10},
  Url                      = {http://doi.acm.org/10.1145/2597073.2597099}
}

@InProceedings{Vijayakumar:2014:MEN:2624299.2624394,
  Title                    = {How Much Effort Needed to Fix the Bug? A Data Mining Approach for Effort Estimation and Analysing of Bug Report Attributes in Firefox},
  Author                   = {Vijayakumar, K. and Bhuvaneswari, V.},
  Booktitle                = {Proceedings of the 2014 International Conference on Intelligent Computing Applications},
  Year                     = {2014},

  Address                  = {Washington, DC, USA},
  Pages                    = {335--339},
  Publisher                = {IEEE Computer Society},
  Series                   = {ICICA '14},

  Acmid                    = {2624394},
  Doi                      = {10.1109/ICICA.2014.75},
  ISBN                     = {978-1-4799-3966-4},
  Keywords                 = {data mining, association rules, component, Bugzilla, bug report, severity, repository},
  Numpages                 = {5},
  Url                      = {http://dx.doi.org/10.1109/ICICA.2014.75}
}

@InProceedings{Vyas:2013:ESM:2525194.2525269,
  Title                    = {Ethnography of Software Maintenance Activities in an Industrial Engineering Setup},
  Author                   = {Vyas, Dhaval},
  Booktitle                = {Proceedings of the 11th Asia Pacific Conference on Computer Human Interaction},
  Year                     = {2013},

  Address                  = {New York, NY, USA},
  Pages                    = {242--246},
  Publisher                = {ACM},
  Series                   = {APCHI '13},

  Acmid                    = {2525269},
  Doi                      = {10.1145/2525194.2525269},
  ISBN                     = {978-1-4503-2253-9},
  Keywords                 = {design, ethnography, software bug-fixing},
  Location                 = {Bangalore, India},
  Numpages                 = {5},
  Url                      = {http://doi.acm.org/10.1145/2525194.2525269}
}

@InProceedings{Wang:2011:BIF:1984642.1984661,
  Title                    = {Which Bug Should I Fix: Helping New Developers Onboard a New Project},
  Author                   = {Wang, Jianguo and Sarma, Anita},
  Booktitle                = {Proceedings of the 4th International Workshop on Cooperative and Human Aspects of Software Engineering},
  Year                     = {2011},

  Address                  = {New York, NY, USA},
  Pages                    = {76--79},
  Publisher                = {ACM},
  Series                   = {CHASE '11},

  Acmid                    = {1984661},
  Doi                      = {10.1145/1984642.1984661},
  ISBN                     = {978-1-4503-0576-1},
  Keywords                 = {bug search, new developer, socio-technical dependency},
  Location                 = {Waikiki, Honolulu, HI, USA},
  Numpages                 = {4},
  Url                      = {http://doi.acm.org/10.1145/1984642.1984661}
}

@Article{Wang:2015:CCS:2829386.2829718,
  Title                    = {Comparative Case Studies of Open Source Software Peer Review Practices},
  Author                   = {Wang, Jing and Shih, Patrick C. and Wu, Yu and Carroll, John M.},
  Journal                  = {Inf. Softw. Technol.},
  Year                     = {2015},

  Month                    = nov,
  Number                   = {C},
  Pages                    = {1--12},
  Volume                   = {67},

  Acmid                    = {2829718},
  Address                  = {Newton, MA, USA},
  Doi                      = {10.1016/j.infsof.2015.06.002},
  ISSN                     = {0950-5849},
  Issue_date               = {November 2015},
  Keywords                 = {Design, Open source software, Software peer review, Virtual community},
  Numpages                 = {12},
  Publisher                = {Butterworth-Heinemann},
  Url                      = {http://dx.doi.org/10.1016/j.infsof.2015.06.002}
}

@InProceedings{Wang:2008:ADD:1368088.1368151,
  Title                    = {An Approach to Detecting Duplicate Bug Reports Using Natural Language and Execution Information},
  Author                   = {Wang, Xiaoyin and Zhang, Lu and Xie, Tao and Anvik, John and Sun, Jiasu},
  Booktitle                = {Proceedings of the 30th International Conference on Software Engineering},
  Year                     = {2008},

  Address                  = {New York, NY, USA},
  Pages                    = {461--470},
  Publisher                = {ACM},
  Series                   = {ICSE '08},

  Acmid                    = {1368151},
  Doi                      = {10.1145/1368088.1368151},
  ISBN                     = {978-1-60558-079-1},
  Keywords                 = {duplicate bug report, execution information, information retrieval},
  Location                 = {Leipzig, Germany},
  Numpages                 = {10},
  Url                      = {http://doi.acm.org/10.1145/1368088.1368151}
}

@InProceedings{Weiss:2007:LTF:1260984.1261302,
  Title                    = {How Long Will It Take to Fix This Bug?},
  Author                   = {Weiss, Cathrin and Premraj, Rahul and Zimmermann, Thomas and Zeller, Andreas},
  Booktitle                = {Proceedings of the 29th International Conference on Software Engineering Workshops},
  Year                     = {2007},

  Address                  = {Washington, DC, USA},
  Pages                    = {1--},
  Publisher                = {IEEE Computer Society},
  Series                   = {ICSEW '07},

  Acmid                    = {1261302},
  Doi                      = {10.1109/ICSEW.2007.116},
  ISBN                     = {0-7695-2830-9},
  Url                      = {http://dx.doi.org/10.1109/ICSEW.2007.116}
}

@InProceedings{Weiss:2007:LTF:1268983.1269017,
  Title                    = {How Long Will It Take to Fix This Bug?},
  Author                   = {Weiss, Cathrin and Premraj, Rahul and Zimmermann, Thomas and Zeller, Andreas},
  Booktitle                = {Proceedings of the Fourth International Workshop on Mining Software Repositories},
  Year                     = {2007},

  Address                  = {Washington, DC, USA},
  Pages                    = {1--},
  Publisher                = {IEEE Computer Society},
  Series                   = {MSR '07},

  Acmid                    = {1269017},
  Doi                      = {10.1109/MSR.2007.13},
  ISBN                     = {0-7695-2950-X},
  Url                      = {http://dx.doi.org/10.1109/MSR.2007.13}
}

@InProceedings{White:2015:GRR:2820282.2820291,
  Title                    = {Generating Reproducible and Replayable Bug Reports from Android Application Crashes},
  Author                   = {White, Martin and Linares-V\'{a}squez, Mario and Johnson, Peter and Bernal-C\'{a}rdenas, Carlos and Poshyvanyk, Denys},
  Booktitle                = {Proceedings of the 2015 IEEE 23rd International Conference on Program Comprehension},
  Year                     = {2015},

  Address                  = {Piscataway, NJ, USA},
  Pages                    = {48--59},
  Publisher                = {IEEE Press},
  Series                   = {ICPC '15},

  Acmid                    = {2820291},
  Keywords                 = {Android, crash and bug reports, reproducibility},
  Location                 = {Florence, Italy},
  Numpages                 = {12},
  Url                      = {http://dl.acm.org/citation.cfm?id=2820282.2820291}
}

@InProceedings{White:2015:GRR:2862749.2863013,
  Title                    = {Generating Reproducible and Replayable Bug Reports from Android Application Crashes},
  Author                   = {White, Martin and Linares-Vásquez, Mario and Johnson, Peter and Bernal-Cárdenas, Carlos and Poshyvanyk, Denys},
  Booktitle                = {Proceedings of the 2015 IEEE 23rd International Conference on Program Comprehension},
  Year                     = {2015},

  Address                  = {Washington, DC, USA},
  Pages                    = {48--59},
  Publisher                = {IEEE Computer Society},
  Series                   = {ICPC '15},

  Acmid                    = {2863013},
  Doi                      = {10.1109/ICPC.2015.14},
  ISBN                     = {978-1-4673-8159-8},
  Keywords                 = {Android, crash and bug reports, reproducibility},
  Numpages                 = {12},
  Url                      = {http://dx.doi.org/10.1109/ICPC.2015.14}
}

@InProceedings{Wong:2014:BBF:2705615.2706096,
  Title                    = {Boosting Bug-Report-Oriented Fault Localization with Segmentation and Stack-Trace Analysis},
  Author                   = {Wong, Chu-Pan and Xiong, Yingfei and Zhang, Hongyu and Hao, Dan and Zhang, Lu and Mei, Hong},
  Booktitle                = {Proceedings of the 2014 IEEE International Conference on Software Maintenance and Evolution},
  Year                     = {2014},

  Address                  = {Washington, DC, USA},
  Pages                    = {181--190},
  Publisher                = {IEEE Computer Society},
  Series                   = {ICSME '14},

  Acmid                    = {2706096},
  Doi                      = {10.1109/ICSME.2014.40},
  ISBN                     = {978-1-4799-6146-7},
  Keywords                 = {fault localization, bug report, feature location, information retrieval},
  Numpages                 = {10},
  Url                      = {http://dx.doi.org/10.1109/ICSME.2014.40}
}

@Article{Xia:2015:AHA:2737603.2737646,
  Title                    = {Automatic, High Accuracy Prediction of Reopened Bugs},
  Author                   = {Xia, Xin and Lo, David and Shihab, Emad and Wang, Xinyu and Zhou, Bo},
  Journal                  = {Automated Software Engg.},
  Year                     = {2015},

  Month                    = mar,
  Number                   = {1},
  Pages                    = {75--109},
  Volume                   = {22},

  Acmid                    = {2737646},
  Address                  = {Hingham, MA, USA},
  Doi                      = {10.1007/s10515-014-0162-2},
  ISSN                     = {0928-8910},
  Issue_date               = {March 2015},
  Keywords                 = {Imbalanced feature selection, Imbalanced learning, Reopened bugs},
  Numpages                 = {35},
  Publisher                = {Kluwer Academic Publishers},
  Url                      = {http://dx.doi.org/10.1007/s10515-014-0162-2}
}

@InProceedings{Xuan:2012:DPB:2337223.2337227,
  Title                    = {Developer Prioritization in Bug Repositories},
  Author                   = {Xuan, Jifeng and Jiang, He and Ren, Zhilei and Zou, Weiqin},
  Booktitle                = {Proceedings of the 34th International Conference on Software Engineering},
  Year                     = {2012},

  Address                  = {Piscataway, NJ, USA},
  Pages                    = {25--35},
  Publisher                = {IEEE Press},
  Series                   = {ICSE '12},

  Acmid                    = {2337227},
  ISBN                     = {978-1-4673-1067-3},
  Location                 = {Zurich, Switzerland},
  Numpages                 = {11},
  Url                      = {http://dl.acm.org/citation.cfm?id=2337223.2337227}
}

@InProceedings{Zanetti:2013:CBS:2486788.2486930,
  Title                    = {Categorizing Bugs with Social Networks: A Case Study on Four Open Source Software Communities},
  Author                   = {Zanetti, Marcelo Serrano and Scholtes, Ingo and Tessone, Claudio Juan and Schweitzer, Frank},
  Booktitle                = {Proceedings of the 2013 International Conference on Software Engineering},
  Year                     = {2013},

  Address                  = {Piscataway, NJ, USA},
  Pages                    = {1032--1041},
  Publisher                = {IEEE Press},
  Series                   = {ICSE '13},

  Acmid                    = {2486930},
  ISBN                     = {978-1-4673-3076-3},
  Location                 = {San Francisco, CA, USA},
  Numpages                 = {10},
  Url                      = {http://dl.acm.org/citation.cfm?id=2486788.2486930}
}

@InProceedings{Zhang:2011:BRB:2055440.2055904,
  Title                    = {A Bug Rule Based Technique with Feedback for Classifying Bug Reports},
  Author                   = {Zhang, Tao and Lee, Byungjeong},
  Booktitle                = {Proceedings of the 2011 IEEE 11th International Conference on Computer and Information Technology},
  Year                     = {2011},

  Address                  = {Washington, DC, USA},
  Pages                    = {336--343},
  Publisher                = {IEEE Computer Society},
  Series                   = {CIT '11},

  Acmid                    = {2055904},
  Doi                      = {10.1109/CIT.2011.90},
  ISBN                     = {978-0-7695-4388-8},
  Keywords                 = {bug report classification, bug tracking system, developer feedback, software maintenance},
  Numpages                 = {8},
  Url                      = {http://dx.doi.org/10.1109/CIT.2011.90}
}

@Article{Zhang:2016:KSA:2873074.2873292,
  Title                    = {KSAP},
  Author                   = {Zhang, Wen and Wang, Song and Wang, Qing},
  Journal                  = {Inf. Softw. Technol.},
  Year                     = {2016},

  Month                    = feb,
  Number                   = {C},
  Pages                    = {68--84},
  Volume                   = {70},

  Acmid                    = {2873292},
  Address                  = {Newton, MA, USA},
  Doi                      = {10.1016/j.infsof.2015.10.004},
  ISSN                     = {0950-5849},
  Issue_date               = {February 2016},
  Keywords                 = {Bug report assignment, Developer recommendation, Heterogeneous network, Heterogeneous proximity},
  Numpages                 = {17},
  Publisher                = {Butterworth-Heinemann},
  Url                      = {http://dx.doi.org/10.1016/j.infsof.2015.10.004}
}

@InProceedings{Zhang:2013:HNA:2569431.2569763,
  Title                    = {Heterogeneous Network Analysis of Developer Contribution in Bug Repositories},
  Author                   = {Zhang, Wen and Wang, Song and Yang, Ye and Wang, Qing},
  Booktitle                = {Proceedings of the 2013 International Conference on Cloud and Service Computing},
  Year                     = {2013},

  Address                  = {Washington, DC, USA},
  Pages                    = {98--105},
  Publisher                = {IEEE Computer Society},
  Series                   = {CSC '13},

  Acmid                    = {2569763},
  Doi                      = {10.1109/CSC.2013.23},
  ISBN                     = {978-0-7695-5157-9},
  Keywords                 = {bug triage, developer contribution, heterogeneous network},
  Numpages                 = {8},
  Url                      = {http://dx.doi.org/10.1109/CSC.2013.23}
}

@Article{Zimmermann:2010:MGB:1907658.1908089,
  Title                    = {What Makes a Good Bug Report?},
  Author                   = {Zimmermann, Thomas and Premraj, Rahul and Bettenburg, Nicolas and Just, Sascha and Schroter, Adrian and Weiss, Cathrin},
  Journal                  = {IEEE Trans. Softw. Eng.},
  Year                     = {2010},

  Month                    = sep,
  Number                   = {5},
  Pages                    = {618--643},
  Volume                   = {36},

  Acmid                    = {1908089},
  Address                  = {Piscataway, NJ, USA},
  Doi                      = {10.1109/TSE.2010.63},
  ISSN                     = {0098-5589},
  Issue_date               = {September 2010},
  Keywords                 = {Testing and debugging, Testing and debugging, distribution, maintenance, and enhancement, human factors, management, measurement., and enhancement, distribution, human factors, maintenance, management, measurement.},
  Numpages                 = {26},
  Publisher                = {IEEE Press},
  Url                      = {http://dx.doi.org/10.1109/TSE.2010.63}
}

