@ARTICLE{1703974,
journal={ISO/IEC 14764:2006 (E) IEEE Std 14764-2006 Revision of IEEE Std 1219-1998)},
title={{International Standard - ISO/IEC 14764 IEEE Std 14764-2006 Software Engineering 2013; Software Life Cycle Processes 2013; Maintenance}},
author={ISO/IEC},
year={2006},
pages={01-46},
keywords={IEEE standards;ISO;Software engineering},
doi={10.1109/IEEESTD.2006.235774},
month={},}


@incollection{keele2007guidelines,
	title={Guidelines for performing systematic literature reviews in software engineering},
	author={Keele, Staffs},
	booktitle={Technical report, Ver. 2.3 EBSE Technical Report. EBSE},
	year={2007}
}

@book{wohlin2012experimentation,
	title={Experimentation in software engineering},
	author={Wohlin, Claes and Runeson, Per and H{\"o}st, Martin and Ohlsson, Magnus C and Regnell, Bj{\"o}rn and Wessl{\'e}n, Anders},
	year={2012},
	publisher={Springer Science \& Business Media}
}

@inproceedings{zimmermann2009improving,
  title={Improving bug tracking systems.},
  author={Zimmermann, Thomas and Premraj, Rahul and Sillito, Jonathan and Breu, Silvia},
  booktitle={ICSE Companion},
  pages={247--250},
  year={2009},
  organization={Citeseer}
}

@article{de2015investigating,
  title={Investigating probabilistic sampling approaches for large-scale surveys in software engineering},
  author={de Mello, Rafael Maiani and Da Silva, Pedro Corr{\^e}a and Travassos, Guilherme Horta},
  journal={Journal of Software Engineering Research and Development},
  volume={3},
  number={1},
  pages={8},
  year={2015},
  publisher={Springer Berlin Heidelberg}
}

@inproceedings{bettenburg2008makes,
  title={What makes a good bug report?},
  author={Bettenburg, Nicolas and Just, Sascha and Schr{\"o}ter, Adrian and Weiss, Cathrin and Premraj, Rahul and Zimmermann, Thomas},
  booktitle={Proceedings of the 16th ACM SIGSOFT International Symposium on Foundations of software engineering},
  pages={308--318},
  year={2008},
  organization={ACM}
}

@article{singh2011bug,
  title={Bug tracking and reliability assessment system (btras)},
  author={Singh, VB and Chaturvedi, Krishna Kumar},
  journal={International Journal of Software Engineering and Its Applications},
  volume={5},
  number={4},
  pages={1--14},
  year={2011}
}

@book{Lientz:1980:SMM:601062,
 author = {Lientz, Bennett P. and Swanson, E. Burton},
 title = {Software Maintenance Management},
 year = {1980},
 isbn = {0201042053},
 publisher = {Addison-Wesley Longman Publishing Co., Inc.},
 address = {Boston, MA, USA},
}


@ARTICLE{159342,
journal={IEEE Std 610.12-1990},
author={IEEE},
title={{IEEE Standard Glossary of Software Engineering Terminology}},
year={1990},
pages={1-84},
keywords={glossaries;software engineering;standards;IEEE Std 610.12-1990;software engineering terminology;standard glossary;Software engineering;Standards;Terminology;Definitions;Software engineering;dictionary;glossary;terminology},
doi={10.1109/IEEESTD.1990.101064},
month={Dec}}

