@ARTICLE{1703974,
journal={ISO/IEC 14764:2006 (E) IEEE Std 14764-2006 Revision of IEEE Std 1219-1998)},
title={{International Standard - ISO/IEC 14764 IEEE Std 14764-2006 Software Engineering 2013; Software Life Cycle Processes 2013; Maintenance}},
author={ISO/IEC},
year={2006},
pages={01-46},
keywords={IEEE standards;ISO;Software engineering},
doi={10.1109/IEEESTD.2006.235774},
month={},}


@incollection{keele2007guidelines,
	title={Guidelines for performing systematic literature reviews in software engineering},
	author={Keele, Staffs},
	booktitle={Technical report, Ver. 2.3 EBSE Technical Report. EBSE},
	year={2007}
}

@book{wohlin2012experimentation,
	title={Experimentation in software engineering},
	author={Wohlin, Claes and Runeson, Per and H{\"o}st, Martin and Ohlsson, Magnus C and Regnell, Bj{\"o}rn and Wessl{\'e}n, Anders},
	year={2012},
	publisher={Springer Science \& Business Media}
}