@INPROCEEDINGS{5741246,
author={Junio, G.A. and Malta, M.N. and de Almeida Mossri, H. and Marques-Neto, H.T. and Valente, M.T.},
booktitle={Software Maintenance and Reengineering (CSMR), 2011 15th European Conference on},
title={On the Benefits of Planning and Grouping Software Maintenance Requests},
year={2011},
pages={55-64},
keywords={pattern clustering;software maintenance;PASM process;clustering analysis techniques;codification task;process for arranging software maintenance requests;software development activity;software engineering activity;software maintenance;software projects;Maintenance engineering;Organizations;Planning;Programming;Software engineering;Software maintenance;software clustering;software economics;software maintenance process},
doi={10.1109/CSMR.2011.10},
ISSN={1534-5351},
month={March},}


@incollection{keele2007guidelines,
  title={Guidelines for performing systematic literature reviews in software engineering},
  author={Keele, Staffs},
  booktitle={Technical report, Ver. 2.3 EBSE Technical Report. EBSE},
  year={2007}
  }

@book{wohlin2012experimentation,
  title={Experimentation in software engineering},
  author={Wohlin, Claes and Runeson, Per and H{\"o}st, Martin and Ohlsson, Magnus C and Regnell, Bj{\"o}rn and Wessl{\'e}n, Anders},
  year={2012},
  publisher={Springer Science \& Business Media}
}
@article{101186,
year={2015},
journal={Journal of Software Engineering Research and Development},
eid={3},
volume={3},
number={1},
doi={10.1186/s40411-015-0018-x},
title={NextBug: a Bugzilla extension for recommending similar bugs},
url={http://dx.doi.org/10.1186/s40411-015-0018-x},
publisher={Springer Berlin Heidelberg},
keywords={Bugs; Recommendation systems; Bug mining techniques},
author={Rocha, Henrique and Oliveira, Guilhermede and Marques-Neto, Humberto and Valente, MarcoTulio},
language={English}
}

@book{baeza1999modern,
  title={Modern information retrieval},
  author={Baeza-Yates, Ricardo and Ribeiro-Neto, Berthier and others},
  volume={463},
  year={1999},
  publisher={ACM press New York}
}
