@INPROCEEDINGS{5741246,
author={Junio, G.A. and Malta, M.N. and de Almeida Mossri, H. and Marques-Neto, H.T. and Valente, M.T.},
booktitle={Software Maintenance and Reengineering (CSMR), 2011 15th European Conference on},
title={On the Benefits of Planning and Grouping Software Maintenance Requests},
year={2011},
pages={55-64},
keywords={pattern clustering;software maintenance;PASM process;clustering analysis techniques;codification task;process for arranging software maintenance requests;software development activity;software engineering activity;software maintenance;software projects;Maintenance engineering;Organizations;Planning;Programming;Software engineering;Software maintenance;software clustering;software economics;software maintenance process},
doi={10.1109/CSMR.2011.10},
ISSN={1534-5351},
month={March},}


@incollection{keele2007guidelines,
  title={Guidelines for performing systematic literature reviews in software engineering},
  author={Keele, Staffs},
  booktitle={Technical report, Ver. 2.3 EBSE Technical Report. EBSE},
  year={2007}
  }

@book{wohlin2012experimentation,
  title={Experimentation in software engineering},
  author={Wohlin, Claes and Runeson, Per and H{\"o}st, Martin and Ohlsson, Magnus C and Regnell, Bj{\"o}rn and Wessl{\'e}n, Anders},
  year={2012},
  publisher={Springer Science \& Business Media}
}
@article{101186,
year={2015},
journal={Journal of Software Engineering Research and Development},
eid={3},
volume={3},
number={1},
doi={10.1186/s40411-015-0018-x},
title={NextBug: a Bugzilla extension for recommending similar bugs},
url={http://dx.doi.org/10.1186/s40411-015-0018-x},
publisher={Springer Berlin Heidelberg},
keywords={Bugs; Recommendation systems; Bug mining techniques},
author={Rocha, Henrique and Oliveira, Guilhermede and Marques-Neto, Humberto and Valente, MarcoTulio},
language={English}
}

@book{baeza1999modern,
  title={{Modern Information Retrieval}},
  author={Baeza-Yates, Ricardo and Ribeiro-Neto, Berthier and others},
  volume={463},
  year={1999},
  publisher={ACM press New York}
}
@ARTICLE{846201,
author={Erlikh, L.},
journal={IT Professional},
title={Leveraging legacy system dollars for e-business},
year={2000},
volume={2},
number={3},
pages={17-23},
keywords={business data processing;software development management;software maintenance;software reviews;APIs;Relativity Technologies;RescueWare;Y2K;application backlog;application program interfaces;business knowledge;business requirements;business services;distributed architectures;e-business;e-components;legacy systems redevelopment;legacy transformation software;mainframe based mission-critical systems;modern industry-standard protocols;productive platforms;qualified personnel;software maintenance;technology enhancements;Companies;Computer architecture;Encapsulation;Enterprise resource planning;Java;Merging;Mission critical systems;Personnel;Software performance;XML},
doi={10.1109/6294.846201},
ISSN={1520-9202},
month={May},}

@article{swe.cost.legacy2,
    author = {Eastwood, A.},
    citeulike-article-id = {5985114},
    journal = {Computing Canada},
    keywords = {reengineering},
    number = {2},
    pages = {17},
    posted-at = {2009-10-22 16:30:42},
    priority = {2},
    title = {{Firm fires shots at legacy systems}},
    volume = {19},
    year = {1993}
    }

@article{moad1990maintaining,
  title={Maintaining the competitive edge},
  author={Moad, Jeffrey},
  journal={Datamation},
  volume={36},
  number={4},
  pages={61},
  year={1990},
  publisher={CAHNERS-DENVER PUBLISHING CO 8773 S RIDGELINE BLVD, HIGHLANDS RANCH, CO 80126-2329}
  }
 @article{Port1988,
    author = {Port, O.},
    citeulike-article-id = {4840083},
    journal = {Business Week},
    keywords = {bugs},
    number = {3051},
    pages = {142--154},
    posted-at = {2009-06-14 01:02:27},
    priority = {2},
    title = {{The software trap -- automate or else}},
    volume = {9},
    year = {1988}
}
@inproceedings{McKee:1984:MFD:1499310.1499334,
 author = {McKee, James R.},
 title = {Maintenance As a Function of Design},
 booktitle = {Proceedings of the July 9-12, 1984, National Computer Conference and Exposition},
 series = {AFIPS '84},
 year = {1984},
 isbn = {0-88283-043-0},
 location = {Las Vegas, Nevada},
 pages = {187--193},
 numpages = {7},
 url = {http://doi.acm.org/10.1145/1499310.1499334},
 doi = {10.1145/1499310.1499334},
 acmid = {1499334},
 publisher = {ACM},
 address = {New York, NY, USA},
}
@article{Lientz:1981:PAS:358790.358796,
 author = {Lientz, Bennet P. and Swanson, E. Burton},
 title = {Problems in Application Software Maintenance},
 journal = {Commun. ACM},
 issue_date = {Nov. 1981},
 volume = {24},
 number = {11},
 month = nov,
 year = {1981},
 issn = {0001-0782},
 pages = {763--769},
 numpages = {7},
 url = {http://doi.acm.org/10.1145/358790.358796},
 doi = {10.1145/358790.358796},
 acmid = {358796},
 publisher = {ACM},
 address = {New York, NY, USA},
 keywords = {application software maintenance, maintenance problem factors},
}

@book{Zelkowitz:1979:PSE:578504,
 author = {Zelkowitz, Marvin V. and Shaw, Alan C. and Gannon, John D.},
 title = {Principles of Software Engineering and Design},
 year = {1979},
 isbn = {013710202X},
 publisher = {Prentice Hall Professional Technical Reference},
 }

@ARTICLE{1423995,
author={Yong Tan and Mookerjee, V.S.},
journal={Software Engineering, IEEE Transactions on},
title={Comparing uniform and flexible policies for software maintenance and replacement},
year={2005},
volume={31},
number={3},
pages={238-255},
keywords={software cost estimation;software maintenance;software reusability;optimal scheduling;software cost estimation;software maintenance;software replacement;software reuse;Application software;Computer industry;Cost function;Environmental economics;Java;Optimal scheduling;Personnel;Software maintenance;Software performance;Software systems;Index Terms- Software maintenance and replacement;cost models;optimal scheduling.},
doi={10.1109/TSE.2005.30},
ISSN={0098-5589},
month={March},}

@article{benaroch2013primary,
  title={Primary Drivers of Software Maintenance Cost Studied Using Longitudinal Data},
  author={Benaroch, Michel},
  year={2013}
}

@INPROCEEDINGS{5873461,
author={Yongchang Ren and Tao Xing and Xiaoji Chen and Xuguang Chai},
booktitle={Intelligent Systems and Applications (ISA), 2011 3rd International Workshop on},
title={Research on Software Maintenance Cost of Influence Factor Analysis and Estimation Method},
year={2011},
pages={1-4},
keywords={software maintenance;estimation method;influence factor analysis;software maintenance cost research;Databases;Estimation;Maintenance engineering;Modeling;Programming;Software maintenance},
doi={10.1109/ISA.2011.5873461},
month={May},}

@inproceedings{ren2011research,
  title={Research on software maintenance cost of influence factor analysis and estimation method},
  author={Ren, Yongchang and Xing, Tao and Chen, Xiaoji and Chai, Xuguang},
  booktitle={Intelligent Systems and Applications (ISA), 2011 3rd International Workshop on},
  pages={1--4},
  year={2011},
  organization={IEEE}
  }

@INPROCEEDINGS{815646,
author={Suenobu, H. and Honma, M. and Tsuruta, S. and Kasahara, H. and Masuda, H. and Uchara, M.},
booktitle={Systems, Man, and Cybernetics, 1999. IEEE SMC '99 Conference Proceedings. 1999 IEEE International Conference on},
title={Stepwise approach for introducing object-oriented technique at software maintenance stages},
year={1999},
volume={5},
pages={756-761 vol.5},
keywords={object-oriented programming;software cost estimation;software maintenance;C language;C++ language;elevator maintenance engineers;methodology;object-oriented technique;scheduling;software cost;software developers;software maintenance;stepwise approach;Application software;Computer bugs;Costs;Elevators;Information analysis;Laboratories;Large-scale systems;Programming;Software maintenance},
doi={10.1109/ICSMC.1999.815646},
ISSN={1062-922X},
month={},}

@article{April200973,
title = "A Software Maintenance Maturity Model (S3M): Measurement Practices at Maturity Levels 3 and 4 ",
journal = "Electronic Notes in Theoretical Computer Science ",
volume = "233",
number = "",
pages = "73 - 87",
year = "2009",
note = "Proceedings of the International Workshop on Software Quality and Maintainability (SQM 2008) ",
issn = "1571-0661",
doi = "http://dx.doi.org/10.1016/j.entcs.2009.02.062",
url = "http://www.sciencedirect.com/science/article/pii/S157106610900067X",
author = "Alain April and Alain Abran",
keywords = "Software Maintenance",
keywords = "Maturity Model",
keywords = "Process Improvement",
keywords = "Process Assessment",
keywords = "Product Assessment "
}

@INPROCEEDINGS{930170,
author={Kajko-Mattsson, M.},
booktitle={Engineering of Complex Computer Systems, 2001. Proceedings. Seventh IEEE International Conference on},
title={Motivating the corrective maintenance maturity model (CM3)},
year={2001},
pages={112-117},
keywords={software maintenance;software process improvement;CM3;corrective maintenance maturity model;maintenance process;process model;process models;software maintenance;Costs;Footwear;IEC standards;ISO standards;Laboratories;Preventive maintenance;Programming;Software engineering;Software maintenance;Terminology},
doi={10.1109/ICECCS.2001.930170},
month={},}

@inproceedings{Runeson:2007:DDD:1248820.1248882,
 author = {Runeson, Per and Alexandersson, Magnus and Nyholm, Oskar},
 title = {Detection of Duplicate Defect Reports Using Natural Language Processing},
 booktitle = {Proceedings of the 29th International Conference on Software Engineering},
 series = {ICSE '07},
 year = {2007},
 isbn = {0-7695-2828-7},
 pages = {499--510},
 numpages = {12},
 url = {http://dx.doi.org/10.1109/ICSE.2007.32},
 doi = {10.1109/ICSE.2007.32},
 acmid = {1248882},
 publisher = {IEEE Computer Society},
 address = {Washington, DC, USA},
}
@article{koskinen2003software,
  title={Software maintenance costs},
  author={Koskinen, Jussi},
  journal={Information Technology Research Institute, ELTIS-Project University of Jyv{\"a}skyl{\"a}},
  year={2003}
}
@inproceedings{Alipour:2013:CAT:2487085.2487123,
 author = {Alipour, Anahita and Hindle, Abram and Stroulia, Eleni},
 title = {A Contextual Approach Towards More Accurate Duplicate Bug Report Detection},
 booktitle = {Proceedings of the 10th Working Conference on Mining Software Repositories},
 series = {MSR '13},
 year = {2013},
 isbn = {978-1-4673-2936-1},
 location = {San Francisco, CA, USA},
 pages = {183--192},
 numpages = {10},
 url = {http://dl.acm.org/citation.cfm?id=2487085.2487123},
 acmid = {2487123},
 publisher = {IEEE Press},
 address = {Piscataway, NJ, USA},
 }

@INPROCEEDINGS{6671283,
author={Kaiping Liu and Hee Beng Kuan Tan and Hongyu Zhang},
booktitle={Reverse Engineering (WCRE), 2013 20th Working Conference on},
title={Has this bug been reported?},
year={2013},
pages={82-91},
keywords={Web sites;document handling;learning (artificial intelligence);program debugging;query processing;support vector machines;Bugzilla;Eclipse bug reports;Learning to Rank technique;Lucene;Mozilla bug reports;Ranking SVM;Wikipedia;bug fixing;bug report search;bug reporters;bug reporting;bug tracking systems;bug triaging;documents;ranking functions;semantic relation discovery;user query;Electronic publishing;Encyclopedias;Internet;Semantics;Support vector machines;Training;Bug report search;Ranking SVM;bug tracking system;search quality;semantic relation},
doi={10.1109/WCRE.2013.6671283},
month={Oct},}

@article{09639314,
year={2013},
issn={0963-9314},
journal={Software Quality Journal},
volume={21},
number={1},
doi={10.1007/s11219-011-9164-5},
title={The bug report duplication problem: an exploratory study},
url={http://dx.doi.org/10.1007/s11219-011-9164-5},
publisher={Springer US},
keywords={Bug reports; Bug tracker; Bug reports duplication; Exploratory study; Software configuration management},
author={Cavalcanti, YguaratãCerqueira and da Mota Silveira Neto, PauloAnselmo and Lucrédio, Daniel and Vale, Tassio and de Almeida, EduardoSantana and de Lemos Meira, SilvioRomero},
pages={39-66},
language={English}
}

@article{zimmermann2005mining,
  title={Mining version histories to guide software changes},
  author={Zimmermann, Thomas and Zeller, Andreas and Weissgerber, Peter and Diehl, Stephan},
  journal={Software Engineering, IEEE Transactions on},
  volume={31},
  number={6},
  pages={429--445},
  year={2005},
  publisher={IEEE}
  }

@article{kaur2015review,
  title={A Review on Software Maintenance Issues and How to Reduce Maintenance Efforts},
  author={Kaur, Uttamjit and Singh, Gagandeep},
  journal={International Journal of Computer Applications},
  volume={118},
  number={1},
  year={2015},
  publisher={Foundation of Computer Science}
  }

@BOOK {Zhang_2003,
    author    = "HF Zhang",
    title     = "Introduction to Software Engineering,",
    publisher = "Tsinghua University Press",
    year      = "2003"
}

@ARTICLE{1703974,
journal={ISO/IEC 14764:2006 (E) IEEE Std 14764-2006 Revision of IEEE Std 1219-1998)},
title={{International Standard - ISO/IEC 14764 IEEE Std 14764-2006 Software Engineering 2013; Software Life Cycle Processes 2013; Maintenance}},
author={ISO/IEC},
year={2006},
pages={01-46},
keywords={IEEE standards;ISO;Software engineering},
doi={10.1109/IEEESTD.2006.235774},
month={},}

@ARTICLE{159342,
journal={IEEE Std 610.12-1990},
author={IEEE},
title={{IEEE Standard Glossary of Software Engineering Terminology}},
year={1990},
pages={1-84},
keywords={glossaries;software engineering;standards;IEEE Std 610.12-1990;software engineering terminology;standard glossary;Software engineering;Standards;Terminology;Definitions;Software engineering;dictionary;glossary;terminology},
doi={10.1109/IEEESTD.1990.101064},
month={Dec}}


@book{Lientz:1980:SMM:601062,
 author = {Lientz, Bennett P. and Swanson, E. Burton},
 title = {Software Maintenance Management},
 year = {1980},
 isbn = {0201042053},
 publisher = {Addison-Wesley Longman Publishing Co., Inc.},
 address = {Boston, MA, USA},
}

@inproceedings{Baysal:2013:SAP:2486788.2486957,
 author = {Baysal, Olga and Holmes, Reid and Godfrey, Michael W.},
 title = {Situational Awareness: Personalizing Issue Tracking Systems},
 booktitle = {Proceedings of the 2013 International Conference on Software Engineering},
 series = {ICSE '13},
 year = {2013},
 isbn = {978-1-4673-3076-3},
 location = {San Francisco, CA, USA},
 pages = {1185--1188},
 numpages = {4},
 url = {http://dl.acm.org.ez27.periodicos.capes.gov.br/citation.cfm?id=2486788.2486957},
 acmid = {2486957},
 publisher = {IEEE Press},
 address = {Piscataway, NJ, USA},
}
@inproceedings{Herrin:1985:SMC:323287.323383,
 author = {Herrin, William R.},
 title = {Software Maintenance Costs: A Quantitative Evaluation},
 booktitle = {Proceedings of the Sixteenth SIGCSE Technical Symposium on Computer Science Education},
 series = {SIGCSE '85},
 year = {1985},
 isbn = {0-89791-152-0},
 location = {New Orleans, Louisiana, USA},
 pages = {233--237},
 numpages = {5},
 url = {http://doi.acm.org.ez27.periodicos.capes.gov.br/10.1145/323287.323383},
 doi = {10.1145/323287.323383},
 acmid = {323383},
 publisher = {ACM},
 address = {New York, NY, USA},
 }

@inproceedings{hirota1994approach,
  title={An approach to predict software maintenance cost based on ripple complexity},
  author={Hirota, Toyohiko and Tohki, Masaharu and Overstreet, C Michael and Hashimoto, Masaaki and Cherinka, Robert},
  booktitle={Software Engineering Conference, 1994. Proceedings., 1994 First Asia-Pacific},
  pages={439--444},
  year={1994},
  organization={IEEE}
}
@article{baysal2012qualitative,
  title={A Qualitative Study of Mozillas Process Management Practices},
  author={Baysal, Olga and Holmes, Reid},
  journal={David R. Cheriton School of Computer Science, University of Waterloo, Waterloo, Canada, Tech. Rep. CS-2012-10},
  year={2012}
}


@inproceedings{Thung:2014:BIT:2635868.2661678,
 author = {Thung, Ferdian and Le, Tien-Duy B. and Kochhar, Pavneet Singh and Lo, David},
 title = {BugLocalizer: Integrated Tool Support for Bug Localization},
 booktitle = {Proceedings of the 22Nd ACM SIGSOFT International Symposium on Foundations of Software Engineering},
 series = {FSE 2014},
 year = {2014},
 isbn = {978-1-4503-3056-5},
 location = {Hong Kong, China},
 pages = {767--770},
 numpages = {4},
 url = {http://doi.acm.org.ez27.periodicos.capes.gov.br/10.1145/2635868.2661678},
 doi = {10.1145/2635868.2661678},
 acmid = {2661678},
 publisher = {ACM},
 address = {New York, NY, USA},
 keywords = {Bug localization, Bugzilla, git},
}

@inproceedings{Thung:2014:DIT:2642937.2648627,
 author = {Thung, Ferdian and Kochhar, Pavneet Singh and Lo, David},
 title = {DupFinder: Integrated Tool Support for Duplicate Bug Report Detection},
 booktitle = {Proceedings of the 29th ACM/IEEE International Conference on Automated Software Engineering},
 series = {ASE '14},
 year = {2014},
 isbn = {978-1-4503-3013-8},
 location = {Vasteras, Sweden},
 pages = {871--874},
 numpages = {4},
 url = {http://doi.acm.org.ez27.periodicos.capes.gov.br/10.1145/2642937.2648627},
 doi = {10.1145/2642937.2648627},
 acmid = {2648627},
 publisher = {ACM},
 address = {New York, NY, USA},
 keywords = {bugzilla, duplicate bug reports, integrated tool support},
}
@inproceedings{Kononenko:2014:DED:2591062.2591075,
 author = {Kononenko, Oleksii and Baysal, Olga and Holmes, Reid and Godfrey, Michael W.},
 title = {DASHboards: Enhancing Developer Situational Awareness},
 booktitle = {Companion Proceedings of the 36th International Conference on Software Engineering},
 series = {ICSE Companion 2014},
 year = {2014},
 isbn = {978-1-4503-2768-8},
 location = {Hyderabad, India},
 pages = {552--555},
 numpages = {4},
 url = {http://doi.acm.org.ez27.periodicos.capes.gov.br/10.1145/2591062.2591075},
 doi = {10.1145/2591062.2591075},
 acmid = {2591075},
 publisher = {ACM},
 address = {New York, NY, USA},
 keywords = {Bugzilla, Developer dashboards, Elasticsearch, situational awareness},
}
@article{lehman1980understanding,
  title={On understanding laws, evolution, and conservation in the large-program life cycle},
  author={Lehman, Meir M},
  journal={Journal of Systems and Software},
  volume={1},
  pages={213--221},
  year={1980},
  publisher={Elsevier}
}
@inproceedings{lehman1997metrics,
  title={Metrics and laws of software evolution-the nineties view},
  author={Lehman, Meir M and Ramil, Juan F and Wernick, Paul D and Perry, Dewayne E and Turski, Wladyslaw M},
  booktitle={Software Metrics Symposium, 1997. Proceedings., Fourth International},
  pages={20--32},
  year={1997},
  organization={IEEE}
}
@inproceedings{Shukla:2008:ESM:1342211.1342232,
 author = {Shukla, Ruchi and Misra, Arun Kumar},
 title = {Estimating Software Maintenance Effort: A Neural Network Approach},
 booktitle = {Proceedings of the 1st India Software Engineering Conference},
 series = {ISEC '08},
 year = {2008},
 isbn = {978-1-59593-917-3},
 location = {Hyderabad, India},
 pages = {107--112},
 numpages = {6},
 url = {http://doi.acm.org.ez27.periodicos.capes.gov.br/10.1145/1342211.1342232},
 doi = {10.1145/1342211.1342232},
 acmid = {1342232},
 publisher = {ACM},
 address = {New York, NY, USA},
 keywords = {effort estimation, neural network, software maintenance},
}
@inproceedings{kajko2009model,
  title={A model of agile evolution and maintenance process},
  author={Kajko-Mattsson, Mira and Nyfjord, Jaana},
  booktitle={System Sciences, 2009. HICSS'09. 42nd Hawaii International Conference on},
  pages={1--10},
  year={2009},
  organization={IEEE}
}

@article{thomas2006agile,
  title={Agile Evolution: Towards The Continuous Improvement of Legacy Software.},
  author={Thomas, Dave},
  journal={Journal of Object Technology},
  volume={5},
  number={7},
  pages={19--26},
  year={2006}
}
@article{yu2013empirical,
  title={An empirical study of lehman’s law on software quality evolution},
  author={Yu, Liguo and Mishra, Alok},
  journal={Int J Software Informatics},
  volume={7},
  number={3},
  pages={469--481},
  year={2013}
}


@inproceedings{bettenburg2008makes,
  title={What makes a good bug report?},
  author={Bettenburg, Nicolas and Just, Sascha and Schr{\"o}ter, Adrian and Weiss, Cathrin and Premraj, Rahul and Zimmermann, Thomas},
  booktitle={Proceedings of the 16th ACM SIGSOFT International Symposium on Foundations of software engineering},
  pages={308--318},
  year={2008},
  organization={ACM}
}

@inproceedings{Bertram:2010:CCB:1718918.1718972,
 author = {Bertram, Dane and Voida, Amy and Greenberg, Saul and Walker, Robert},
 title = {Communication, Collaboration, and Bugs: The Social Nature of Issue Tracking in Small, Collocated Teams},
 booktitle = {Proceedings of the 2010 ACM Conference on Computer Supported Cooperative Work},
 series = {CSCW '10},
 year = {2010},
 isbn = {978-1-60558-795-0},
 location = {Savannah, Georgia, USA},
 pages = {291--300},
 numpages = {10},
 url = {http://doi.acm.org/10.1145/1718918.1718972},
 doi = {10.1145/1718918.1718972},
 acmid = {1718972},
 publisher = {ACM},
 address = {New York, NY, USA},
 keywords = {issue tracking, shared knowledge, software engineering},
}

@INPROCEEDINGS{5070993,
author={Zimmermann, T. and Premraj, R. and Sillito, J. and Breu, S.},
booktitle={Software Engineering - Companion Volume, 2009. ICSE-Companion 2009. 31st International Conference on},
title={Improving bug tracking systems},
year={2009},
pages={247-250},
keywords={interactive systems;invasive software;iterative methods;bug tracking system;interactive system;iteration;Computer bugs;Computer science;Data mining;Decision trees;Delay effects;Laboratories;Prototypes;Relational databases;Testing;Usability},
doi={10.1109/ICSE-COMPANION.2009.5070993},
month={May},}

@inproceedings{Breu:2010:INB:1718918.1718973,
 author = {Breu, Silvia and Premraj, Rahul and Sillito, Jonathan and Zimmermann, Thomas},
 title = {Information Needs in Bug Reports: Improving Cooperation Between Developers and Users},
 booktitle = {Proceedings of the 2010 ACM Conference on Computer Supported Cooperative Work},
 series = {CSCW '10},
 year = {2010},
 isbn = {978-1-60558-795-0},
 location = {Savannah, Georgia, USA},
 pages = {301--310},
 numpages = {10},
 url = {http://doi.acm.org/10.1145/1718918.1718973},
 doi = {10.1145/1718918.1718973},
 acmid = {1718973},
 publisher = {ACM},
 address = {New York, NY, USA},
 keywords = {bug reports, information needs, question time, questions, response rate, response time},
}

@inproceedings{bilal2005using,
  title={Using the ripple effect to measure software quality},
  author={Bilal, Haider and Black, Sue},
  booktitle={SOFTWARE QUALITY MANAGEMENT-INTERNATIONAL CONFERENCE-},
  volume={13},
  pages={183},
  year={2005}
}

@inproceedings{haney1972module,
  title={Module connection analysis: a tool for scheduling software debugging activities},
  author={Haney, Frederick M},
  booktitle={Proceedings of the December 5-7, 1972, fall joint computer conference, part I},
  pages={173--179},
  year={1972},
  organization={ACM}
}

@article{koskinen2010software,
	title={Software maintenance costs},
	author={Koskinen, Jussi},
	journal={Jyv{\"a}skyl{\"a}: University of Jyv{\"a}skyl{\"a}},
	year={2010}
}

@article{engelbertink2010save,
	title={How to save on software maintenance costs},
	author={Engelbertink, Floris P and Vogt, Harald H},
	journal={Omnext White Paper. Accessed},
	year={2010}
}

@article{Serrador2015,
	abstract = {The Agile project management methodology has been widely used in recent years as a means to counter the dangers of traditional, front-end planning methods that often lead to downstream development pathologies. Although numerous authors have pointed to the advantages of Agile, with its emphasis on individuals and interactions over processes, customer collaboration over contracts and formal negotiations, and responsiveness over rigid planning, there are, to date, very few large-scale, empirical studies to support the contention that Agile methods can improve the likelihood of project success. Developed originally for software development, it is still predominantly an IT phenomenon. But due to its success it has now spread to non-IT projects. Using a data sample of 1002 projects across multiple industries and countries, we tested the effect of Agile use in organizations on two dimensions of project success: efficiency and overall stakeholder satisfaction against organizational goals. We further examined the moderating effects of variables such as perceived quality of the vision/goals of the project, project complexity, and project team experience. Our findings suggest that Agile methods do have a positive impact on both dimensions of project success. Further, the quality of the vision/goals is a marginally significant moderator of this effect. Implications of these findings and directions for future research are discussed.},
	archivePrefix = {arXiv},
	arxivId = {arXiv:1011.1669v3},
	author = {Serrador, Pedro and Pinto, Jeffrey K.},
	doi = {10.1016/j.ijproman.2015.01.006},
	eprint = {arXiv:1011.1669v3},
	file = {:home/vagner/Agile Maintence/Does-Agile-work----A-quantitative-analysis-of-agile-project-success{\_}2015{\_}International-Journal-of-Project-Management.pdf:pdf},
	isbn = {0263-7863},
	issn = {02637863},
	journal = {International Journal of Project Management},
	keywords = {Agile,Efficiency,Methodology,Success},
	mendeley-groups = {Disserta{\c{c}}{\~{a}}o/Agile Maintenance},
	number = {5},
	pages = {1040--1051},
	pmid = {25246403},
	publisher = {Elsevier Ltd. APM and IPMA.},
	title = {{Does Agile work? - A quantitative analysis of agile project success}},
	url = {http://dx.doi.org/10.1016/j.ijproman.2015.01.006},
	volume = {33},
	year = {2015}
}

@article{Heeager2015,
	abstract = {Agile methods are widely used and successful in many development situations and beginning to attract attention amongst the software maintenance community – both researchers and practitioners. However, it should not be assumed that implementing a well-known agile method for a maintenance department is therefore a trivial endeavour - the maintenance operation differs in some, important respects from development work. Classical accounts of software maintenance emphasise more traditional software engineering processes, whereas recent research accounts of agile maintenance efforts uncritically focus on benefits. In an action research project at Aveva in Denmark we assisted with the optimisation of SCRUM, tailoring the standard process to the immediate needs of the developers. We draw on both theoretical and empirical learning to formulate seven heuristics for maintenance practitioners wishing to go agile.},
	author = {Heeager, Lise Tordrup and Rose, Jeremy},
	doi = {10.1007/s10664-014-9335-7},
	file = {:home/vagner/Agile Maintence/art{\%}3A10.1007{\%}2Fs10664-014-9335-7.pdf:pdf},
	issn = {15737616},
	journal = {Empirical Software Engineering},
	keywords = {Action research,Agile methods,SCRUM,Software maintenance},
	mendeley-groups = {Disserta{\c{c}}{\~{a}}o/Agile Maintenance},
	number = {6},
	pages = {1762--1784},
	title = {{Optimising agile development practices for the maintenance operation: nine heuristics}},
	volume = {20},
	year = {2015}
}

@article{Soltan2016,
	author = {Soltan, Hassan and Mostafa, Sherif},
	file = {:home/vagner/Agile Maintence/V3I3{\_}IJERTV3IS030283.pdf:pdf},
	keywords = {"ijert",aware of the fact,lean and agile manufacturing,maintenance,performance measurement,reduce maintenance costs to,that spending,the bone,top management not to,top management should be},
	mendeley-groups = {Disserta{\c{c}}{\~{a}}o/Agile Maintenance},
	number = {January 2014},
	title = {{Leanness and Agility within Maintenance Process}},
	year = {2016}
}
@article{Devulapally2015,
	author = {Devulapally, Gopi Krishna},
	file = {:home/vagner/Agile Maintence/FULLTEXT02.pdf:pdf},
	keywords = {BTH, 2015, DIPT/Dept. of Software Engineering, Sof},
	mendeley-groups = {Disserta{\c{c}}{\~{a}}o/Agile Maintenance},
	title = {{Agile in the context of Software Maintainability}},
	year = {2015}
}
@article{Naz2016,
	author = {Naz, Riffat and Khan, M N A and Aamir, Muhammad},
	doi = {10.5815/ijem.2016.01.02},
	file = {:home/vagner/Agile Maintence/IJEM-V6-N1-2.pdf:pdf},
	mendeley-groups = {Disserta{\c{c}}{\~{a}}o/Agile Maintenance},
	number = {January},
	pages = {10--27},
	title = {{Scrum-Based Methodology for Product Maintenance and Support}},
	year = {2016}
}

@INPROCEEDINGS{4755767,
	author={M. Kajko-Mattsson and J. Nyfjord},
	booktitle={System Sciences, 2009. HICSS '09. 42nd Hawaii International Conference on},
	title={A Model of Agile Evolution and Maintenance Process},
	year={2009},
	pages={1-10},
	keywords={software development management;software maintenance;software process improvement;Canadian software organizations;agile development process model;agile evolution model;development phase;industrial evolution;maintenance practices;maintenance process model;Engineering management;Project management;Sampling methods;Software development management;Software maintenance;Software standards;Software testing},
	doi={10.1109/HICSS.2009.21},
	ISSN={1530-1605},
	month={Jan},}
@INPROCEEDINGS{1402140,
	author={H. Svensson and M. Host},
	booktitle={Ninth European Conference on Software Maintenance and Reengineering},
	title={Introducing an Agile Process in a Software Maintenance and Evolution Organization},
	year={2005},
	pages={256-264},
	keywords={organisational aspects;software development management;software maintenance;software metrics;software prototyping;agile process;evolution organization;extreme programming;software development environment;software maintenance;Genetic programming;Industrial training;Occupational stress;Project management;Software development management;Software maintenance},
	doi={10.1109/CSMR.2005.33},
	ISSN={1534-5351},
	month={March},}


@article{cavalcanti2014challenges,
	title={Challenges and opportunities for software change request repositories: a systematic mapping study},
	author={Cavalcanti, Yguarat{\~a} Cerqueira and Mota Silveira Neto, Paulo Anselmo and Machado, Ivan do Carmo and Vale, Tassio Ferreira and Almeida, Eduardo Santana and Meira, Silvio Romero de Lemos},
	journal={Journal of Software: Evolution and Process},
	volume={26},
	number={7},
	pages={620--653},
	year={2014},
	publisher={Wiley Online Library}
}


@article{Petersen2008,
	abstract = {BACKGROUND: A software engineering systematic map is a defined method to build a classification scheme and structure a software engineering field of interest. The analysis of results focuses on frequencies of publications for categories within the scheme. Thereby, the coverage of the research field can be determined. Different facets of the scheme can also be combined to answer more specific research questions. OBJECTIVE: We describe how to conduct a systematic mapping study in software engineering and provide guidelines. We also compare systematic maps and systematic reviews to clarify how to chose between them. This comparison leads to a set of guidelines for systematic maps. METHOD: We have defined a systematic mapping process and applied it to complete a systematic mapping study. Furthermore, we compare systematic maps with systematic reviews by systematically analyzing existing systematic reviews. RESULTS: We describe a process for software engineering systematic mapping studies and compare it to systematic reviews. Based on this, guidelines for conducting systematic maps are defined. CONCLUSIONS: Systematic maps and reviews are different in terms of goals, breadth, validity issues and implications. Thus, they should be used complementarily and require different methods (e.g., for analysis).},
	author = {Petersen, Kai and Feldt, Robert and Mujtaba, Shahid and Mattsson, Michael},
	doi = {10.1142/S0218194007003112},
	file = {:home/vagner/Downloads/systemticmapping.pdf:pdf},
	isbn = {0-7695-2555-5},
	issn = {02181940},
	journal = {EASE'08 Proceedings of the 12th international conference on Evaluation and Assessment in Software Engineering},
	keywords = {evidence based software engineering,systematic mapping studies,systematic reviews},
	mendeley-groups = {Disserta{\c{c}}{\~{a}}o/Mapeamento Sistem{\'{a}}tico},
	pages = {68--77},
	title = {{Systematic mapping studies in software engineering}},
	url = {http://dl.acm.org/citation.cfm?id=2227115.2227123},
	year = {2008}
}

@inproceedings{dybaa2007applying,
	title={Applying Systematic Reviews to Diverse Study Types: An Experience Report.},
	author={Dyb{\aa}, Tore and Dings{\o}yr, Torgeir and Hanssen, Geir Kjetil},
	booktitle={ESEM},
	volume={7},
	pages={225--234},
	year={2007}
}


@article{Petersen2015,
	abstract = {Context Systematic mapping studies are used to structure a research area, while systematic reviews are focused on gathering and synthesizing evidence. The most recent guidelines for systematic mapping are from 2008. Since that time, many suggestions have been made of how to improve systematic literature reviews (SLRs). There is a need to evaluate how researchers conduct the process of systematic mapping and identify how the guidelines should be updated based on the lessons learned from the existing systematic maps and SLR guidelines. Objective To identify how the systematic mapping process is conducted (including search, study selection, analysis and presentation of data, etc.); to identify improvement potentials in conducting the systematic mapping process and updating the guidelines accordingly. Method We conducted a systematic mapping study of systematic maps, considering some practices of systematic review guidelines as well (in particular in relation to defining the search and to conduct a quality assessment). Results In a large number of studies multiple guidelines are used and combined, which leads to different ways in conducting mapping studies. The reason for combining guidelines was that they differed in the recommendations given. Conclusion The most frequently followed guidelines are not sufficient alone. Hence, there was a need to provide an update of how to conduct systematic mapping studies. New guidelines have been proposed consolidating existing findings.},
	author = {Petersen, Kai and Vakkalanka, Sairam and Kuzniarz, Ludwik},
	doi = {10.1016/j.infsof.2015.03.007},
	file = {:home/vagner/.local/share/data/Mendeley Ltd./Mendeley Desktop/Downloaded/Petersen, Vakkalanka, Kuzniarz - 2015 - Guidelines for conducting systematic mapping studies in software engineering An update.pdf:pdf},
	issn = {09505849},
	journal = {Information and Software Technology},
	keywords = {Guidelines,Software engineering,Systematic mapping studies},
	mendeley-groups = {Disserta{\c{c}}{\~{a}}o/Mapeamento Sistem{\'{a}}tico},
	pages = {1--18},
	publisher = {Elsevier B.V.},
	title = {{Guidelines for conducting systematic mapping studies in software engineering: An update}},
	url = {http://dx.doi.org/10.1016/j.infsof.2015.03.007},
	volume = {64},
	year = {2015}
}
@article{cerulo2004taxonomy,
  title={A taxonomy of information retrieval models and tools},
  author={Cerulo, Luigi and Canfora, Gerardo},
  journal={CIT. Journal of computing and information technology},
  volume={12},
  number={3},
  pages={175--194},
  year={2004},
  publisher={SRCE-Sveu{\v{c}}ili{\v{s}}ni ra{\v{c}}unski centar}
}

@inproceedings{behl2014bug,
  title={A bug mining tool to identify and analyze security bugs using naive bayes and tf-idf},
  author={Behl, Diksha and Handa, Sahil and Arora, Anuja},
  booktitle={Optimization, Reliabilty, and Information Technology (ICROIT), 2014 International
			 Conference on},
  pages={294--299},
  year={2014},
  organization={IEEE}
}
@inproceedings{zhang2011bug,
  title={A bug rule based technique with feedback for classifying bug reports},
  author={Zhang, Tao and Lee, Byungjeong},
  booktitle={Computer and Information Technology (CIT), 2011 IEEE 11th International Conference on},
  pages={336--343},
  year={2011},
  organization={IEEE}
}

@inproceedings{dal2013closer,
  title={A closer look at bugs},
  author={Dal Sassc, Tommaso and Lanza, Michele},
  booktitle={Software Visualization (VISSOFT), 2013 First IEEE Working Conference on},
  pages={1--4},
  year={2013},
  organization={IEEE}
}
@inproceedings{alipour2013contextual,
  title={A contextual approach towards more accurate duplicate bug report detection},
  author={Alipour, Anahita and Hindle, Abram and Stroulia, Eleni},
  booktitle={Proceedings of the 10th Working Conference on Mining Software Repositories},
  pages={183--192},
  year={2013},
  organization={IEEE Press}
}
@article{hindle2016contextual,
  title={A contextual approach towards more accurate duplicate bug report detection and ranking},
  author={Hindle, Abram and Alipour, Anahita and Stroulia, Eleni},
  journal={Empirical Software Engineering},
  volume={21},
  number={2},
  pages={368--410},
  year={2016},
  publisher={Springer}
}
@inproceedings{hosseini2012market,
  title={A market-based bug allocation mechanism using predictive bug lifetimes},
  author={Hosseini, Hadi and Nguyen, Raymond and Godfrey, Michael W},
  booktitle={Software Maintenance and Reengineering (CSMR), 2012 16th European Conference on},
  pages={149--158},
  year={2012},
  organization={IEEE}
}
@inproceedings{chawla2015automated,
  title={An automated approach for bug categorization using fuzzy logic},
  author={Chawla, Indu and Singh, Sandeep K},
  booktitle={Proceedings of the 8th India Software Engineering Conference},
  pages={90--99},
  year={2015},
  organization={ACM}
}
@inproceedings{netto2010automated,
  title={An automated approach for scheduling bug fix tasks},
  author={Netto, Fernando and Barros, Marcio Oliveira and Alvim, Adriana CF},
  booktitle={Software Engineering (SBES), 2010 Brazilian Symposium on},
  pages={80--89},
  year={2010},
  organization={IEEE}
}
@article{chaturvedi2012empirical,
  title={An Empirical Comparison of Machine Learning Techniques in Predicting the Bug Severity of
		 Open and Closed Source Projects},
  author={Chaturvedi, KK and Singh, VB},
  journal={International Journal of Open Source Software and Processes (IJOSSP)},
  volume={4},
  number={2},
  pages={32--59},
  year={2012},
  publisher={IGI Global}
}
@inproceedings{zou2015empirical,
  title={An Empirical Study of Bug Fixing Rate},
  author={Zou, Weiqin and Xia, Xin and Zhang, Weiqiang and Chen, Zhenyu and Lo, David},
  booktitle={Computer Software and Applications Conference (COMPSAC), 2015 IEEE 39th Annual},
  volume={2},
  pages={254--263},
  year={2015},
  organization={IEEE}
}
@inproceedings{cavalcanti2010initial,
  title={An initial study on the bug report duplication problem},
  author={Cavalcanti, Yguarata Cerqueira and de Almeida, Eduardo Santana and da Cunha, Carlos
		  Eduardo Albuquerque and Lucredio, Daniel and de Lemos Meira, Silvio Romero},
  booktitle={Software Maintenance and Reengineering (CSMR), 2010 14th European Conference on},
  pages={264--267},
  year={2010},
  organization={IEEE}
}
@inproceedings{takama2013application,
  title={Application of monitoring support visualization to bug tracking systems},
  author={Takama, Yasufumi and Kurosawa, Takeshi},
  booktitle={Industrial Electronics (ISIE), 2013 IEEE International Symposium on},
  pages={1--5},
  year={2013},
  organization={IEEE}
}
@article{Polo1999,
author = {Polo, Macario and Piattini, Mario and Ruiz, Francisco and Calero, Coral},
doi = {10.1145/329155.329169},
file = {:home/vagner/Documentos/p84-polo.pdf:pdf},
issn = {01635948},
journal = {ACM SIGSOFT Software Engineering Notes},
keywords = {maintenance,software life cycle,work team},
mendeley-groups = {Disserta{\c{c}}{\~{a}}o/Mapeamento Sistem{\'{a}}tico},
number = {4},
pages = {84--86},
title = {{Roles in the maintenance process}},
url = {http://portal.acm.org/citation.cfm?doid=329155.329169},
volume = {24},
year = {1999}
}
@INPROCEEDINGS{756695,
author={M. Polo and M. Piattini and F. Ruiz and C. Calero},
booktitle={Software Maintenance and Reengineering, 1999. Proceedings of the Third European
		   Conference on},
title={MANTEMA: a complete rigorous methodology for supporting maintenance based on the ISO/IEC
	   12207 standard},
year={1999},
pages={178-181},
keywords={IEC standards;ISO standards;information systems;software maintenance;software
		  standards;ATOS-ODS;European consultants;ISO/IEC 12207 standard;MANTEMA;information
		  systems;organizations;software life cycle;software maintenance;software
		  methodology;software outsourcing;Certification;Costs;IEC standards;ISO standards;Mining
		  industry;Outsourcing;Process control;Programming;Quality management;Software maintenance},
doi={10.1109/CSMR.1999.756695},
month={},}

@inproceedings{Ihara:2009:AMI:1595808.1595833,
address = {New York, NY, USA},
author = {Ihara, Akinori and Ohira, Masao and Matsumoto, Ken-ichi},
booktitle = {Proceedings of the Joint International and Annual ERCIM Workshops on Principles of
			 Software Evolution (IWPSE) and Software Evolution (Evol) Workshops},
doi = {10.1145/1595808.1595833},
file = {:home/vagner/Documentos/10.1.1.159.531.pdf:pdf},
isbn = {978-1-60558-678-6},
keywords = {apache,bug tracking system,firefox,modification process,open source software
			development,repository mining},
mendeley-groups = {Disserta{\c{c}}{\~{a}}o/Mapeamento Sistem{\'{a}}tico},
pages = {135--144},
publisher = {ACM},
series = {IWPSE-Evol '09},
title = {{An Analysis Method for Improving a Bug Modification Process in Open Source Software
		 Development}},
url = {http://doi.acm.org/10.1145/1595808.1595833},
year = {2009}
}
@inproceedings{robbins2011plotting,
  title={Plotting Likert and other rating scales},
  author={Robbins, Naomi B and Heiberger, Richard M},
  booktitle={Proceedings of the 2011 Joint Statistical Meeting},
  pages={1058--1066},
  year={2011}
}
@inproceedings{sun2010discriminative,
  title={A discriminative model approach for accurate duplicate bug report retrieval},
  author={Sun, Chengnian and Lo, David and Wang, Xiaoyin and Jiang, Jing and Khoo, Siau-Cheng},
  booktitle={Proceedings of the 32nd ACM/IEEE International Conference on Software
			 Engineering-Volume 1},
  pages={45--54},
  year={2010},
  organization={ACM}
}
@inproceedings{malheiros2012source,
  title={A source code recommender system to support newcomers},
  author={Malheiros, Yuri and Moraes, Alan and Trindade, Cleyton and Meira, Silvio},
  booktitle={2012 IEEE 36th Annual Computer Software and Applications Conference},
  pages={19--24},
  year={2012},
  organization={IEEE}
}

@inproceedings{moran2015auto,
  title={Auto-completing bug reports for android applications},
  author={Moran, Kevin and Linares-V{\'a}squez, Mario and Bernal-C{\'a}rdenas, Carlos and
		  Poshyvanyk, Denys},
  booktitle={Proceedings of the 2015 10th Joint Meeting on Foundations of Software Engineering},
  pages={673--686},
  year={2015},
  organization={ACM}
}
@inproceedings{banerjee2012automated,
  title={Automated duplicate bug report classification using subsequence matching},
  author={Banerjee, Sean and Cukic, Bojan and Adjeroh, Donald},
  booktitle={High-Assurance Systems Engineering (HASE), 2012 IEEE 14th International Symposium on},
  pages={74--81},
  year={2012},
  organization={IEEE}
}
@article{tian2015automated,
  title={Automated prediction of bug report priority using multi-factor analysis},
  author={Tian, Yuan and Lo, David and Xia, Xin and Sun, Chengnian},
  journal={Empirical Software Engineering},
  volume={20},
  number={5},
  pages={1354--1383},
  year={2015},
  publisher={Springer}
}
@inproceedings{shokripour2012automatic,
  title={Automatic bug assignment using information extraction methods},
  author={Shokripour, Ramin and Kasirun, Zarinah M and Zamani, Sima and Anvik, John},
  booktitle={Advanced Computer Science Applications and Technologies (ACSAT), 2012 International
			 Conference on},
  pages={144--149},
  year={2012},
  organization={IEEE}
}
@inproceedings{somasundaram2012automatic,
  title={Automatic categorization of bug reports using latent dirichlet allocation},
  author={Somasundaram, Kalyanasundaram and Murphy, Gail C},
  booktitle={Proceedings of the 5th India software engineering conference},
  pages={125--130},
  year={2012},
  organization={ACM}
}
@article{xia2015automatic,
  title={Automatic, high accuracy prediction of reopened bugs},
  author={Xia, Xin and Lo, David and Shihab, Emad and Wang, Xinyu and Zhou, Bo},
  journal={Automated Software Engineering},
  volume={22},
  number={1},
  pages={75--109},
  year={2015},
  publisher={Springer}
}
@inproceedings{thung2013automatic,
  title={Automatic recovery of root causes from bug-fixing changes},
  author={Thung, Ferdian and Lo, David and Jiang, Lingxiao},
  booktitle={2013 20th Working Conference on Reverse Engineering (WCRE)},
  pages={92--101},
  year={2013},
  organization={IEEE}
}
@article{van2002goal,
  title={Goal question metric (gqm) approach},
  author={Van Solingen, Rini and Basili, Vic and Caldiera, Gianluigi and Rombach, H Dieter},
  journal={Encyclopedia of software engineering},
  year={2002},
  publisher={Wiley Online Library}
}
@article{kitchenham2002principles,
  title={Principles of Survey Research Part 2: Designing a Survey Barbara A. Kitchenham Department
		 of Computer Science Keele University, Staffordshire, UK},
  author={Kitchenham, Barbara A},
  journal={ACM SIGSOFT Software Engineering Notes},
  volume={27},
  number={1},
  pages={18},
  year={2002}
}
@article{Thesis2014,
author = {Thesis, Ph D},
file = {:home/vagner/.local/share/data/Mendeley Ltd./Mendeley Desktop/Downloaded/Thesis - 2014 - An
		Automated Approach to Assign Software Change Yguarat{\~{a}} Cerqueira Cavalcanti “ An
		Automated Approach to Assign Softw.pdf:pdf},
mendeley-groups = {Disserta{\c{c}}{\~{a}}o/Agile Maintenance,Disserta{\c{c}}{\~{a}}o/Mapeamento
				   Sistem{\'{a}}tico},
title = {{An Automated Approach to Assign Software Change Requests}},
year = {2014}
}
@INCOLLECTION{gqm,
  author = {Victor R. Basili and Gianluigi Caldiera and H. Dieter Rombach},
  title = {The Goal Question Metric Approach},
  booktitle = {Encyclopedia of Software Engineering},
  publisher = {Wiley},
  year = {1994}
}
@book{4425813,
 editor = {Abran, Alain and Bourque, Pierre and Dupuis, Robert and Moore, James W.},
 title = {Guide to the Software Engineering Body of Knowledge - SWEBOK},
 year = {2004},
 isbn = {0769510000},
 publisher = {IEEE Press},
 address = {Piscataway, NJ, USA},
} 
@ARTICLE{720567,
journal={IEEE Std 1219-1998},
title={IEEE Standard for Software Maintenance},
year={1998},
pages={i-},
keywords={software maintenance;IEEE Std 1219-1998;IEEE standard;software life-cycle;software
		  maintenance activities management;software maintenance activity execution;Software
		  maintenance},
doi={10.1109/IEEESTD.1998.88278},
month={},}
@ARTICLE{707581,
journal={IEEE/EIA 12207.0-1996},
title={IEEE/EIA Standard Industry Implementation of International Standard ISO/IEC 12207: 1995
	   (ISO/IEC 12207) Standard for Information Technology Software Life Cycle Processes},
year={1998},
pages={i-75},
doi={10.1109/IEEESTD.1998.88083},
month={},}
@inproceedings{Bennett:2000:SME:336512.336534,
 author = {Bennett, Keith H. and Rajlich, V\'{a}clav T.},
 title = {Software Maintenance and Evolution: A Roadmap},
 booktitle = {Proceedings of the Conference on The Future of Software Engineering},
 series = {ICSE '00},
 year = {2000},
 isbn = {1-58113-253-0},
 location = {Limerick, Ireland},
 pages = {73--87},
 numpages = {15},
 url = {http://doi.acm.org/10.1145/336512.336534},
 doi = {10.1145/336512.336534},
 acmid = {336534},
 publisher = {ACM},
 address = {New York, NY, USA},
} 
@article{paulk1993key,
	  title={Key practices of the Capability Maturity Model version 1.1},
	    author={Paulk, Mark C and Weber, Charles V and Garcia, Suzanne M and Chrissis, Mary Beth C
			 and Bush, Marilyn},
	  year={1993}
}
@inproceedings{zimmermann2009improving,
  title={Improving bug tracking systems.},
  author={Zimmermann, Thomas and Premraj, Rahul and Sillito, Jonathan and Breu, Silvia},
  booktitle={ICSE Companion},
  pages={247--250},
  year={2009},
  organization={Citeseer}
}
@inproceedings{breu2010information,
  title={Information needs in bug reports: improving cooperation between
		 developers and users},
  author={Breu, Silvia and Premraj, Rahul and Sillito, Jonathan and Zimmermann,
		  Thomas},
  booktitle={Proceedings of the 2010 ACM conference on Computer supported
			 cooperative work},
  pages={301--310},
  year={2010},
  organization={ACM}
}

@book{fox2013engineering,
  title={Engineering software as a service: an agile approach using cloud computing},
  author={Fox, Armando and Patterson, David A and Joseph, Samuel},
  year={2013},
  publisher={Strawberry Canyon LLC}
}

@ARTICLE{1407819,
author={N. Serrano and I. Ciordia},
journal={IEEE Software},
title={Bugzilla, ITracker, and other bug trackers},
year={2005},
volume={22},
number={2},
pages={11-13},
keywords={program debugging;program diagnostics;program testing;public domain software;software tools;bug-tracking system;bug-tracking tool;open source product;program debugging;program diagnostics;program testing;Application software;Computer bugs;Control systems;Filters;Information systems;Linux;NASA;Open source software;Software tools;Spatial databases;bug database;bug tracker;issues database},
doi={10.1109/MS.2005.32},
ISSN={0740-7459},
month={March},}

@article{Choudhari:2014:EIM:2557833.2557845,
 author = {Choudhari, Jitender and Suman, Ugrasen},
 title = {Extended Iterative Maintenance Life Cycle Using eXtreme Programming},
 journal = {SIGSOFT Softw. Eng. Notes},
 issue_date = {January 2014},
 volume = {39},
 number = {1},
 month = feb,
 year = {2014},
 issn = {0163-5948},
 pages = {1--12},
 numpages = {12},
 url = {http://doi.acm.org.ez27.periodicos.capes.gov.br/10.1145/2557833.2557845},
 doi = {10.1145/2557833.2557845},
 acmid = {2557845},
 publisher = {ACM},
 address = {New York, NY, USA},
 keywords = {extreme programming, software maintenance},
}
@inproceedings{anvik2005coping,
  title={Coping with an open bug repository},
  author={Anvik, John and Hiew, Lyndon and Murphy, Gail C},
  booktitle={Proceedings of the 2005 OOPSLA workshop on Eclipse technology eXchange},
  pages={35--39},
  year={2005},
  organization={ACM}
}

@article{cavalcanti2013bug,
  Title={The bug report duplication problem: an exploratory study},
  author={Cavalcanti, Yguarat{\~a} Cerqueira and Neto, Paulo Anselmo da Mota Silveira and
		  Lucr{\'e}dio, Daniel and Vale, Tassio and de Almeida, Eduardo Santana and de Lemos Meira,
		  Silvio Romero},
  journal={Software Quality Journal},
  volume={21},
  number={1},
  pages={39--66},
  year={2013},
  publisher={Springer}
}
@inproceedings{just2008towards,
  title={Towards the next generation of bug tracking systems},
  author={Just, Sascha and Premraj, Rahul and Zimmermann, Thomas},
  booktitle={2008 IEEE Symposium on Visual Languages and Human-Centric Computing},
  pages={82--85},
  year={2008},
  organization={IEEE}
}
@book{hesse2010mixed,
  title={Mixed methods research: Merging theory with practice},
  author={Hesse-Biber, Sharlene Nagy},
  year={2010},
  publisher={Guilford Press}
}
@article{creswell2007designing,
  title={Designing and conducting mixed methods research},
  author={Creswell, John W and Clark, Vicki L Plano},
  year={2007},
  publisher={Wiley Online Library}
}
@book{IEEEComputerSociety:2014:GSE:2616205,
 author = {IEEE Computer Society and Bourque, Pierre and Fairley, Richard E.},
 title = {Guide to the Software Engineering Body of Knowledge (SWEBOK(R)): Version 3.0},
 year = {2014},
 isbn = {0769551661, 9780769551661},
 edition = {3rd},
 publisher = {IEEE Computer Society Press},
 address = {Los Alamitos, CA, USA},
} 

@STANDARD{ISOIEC-12207-2008,
  author = {ISO/IEC/IEEE},
  title = {ISO/IEC/IEEE Standard for Systems and Software Engineering - Software
		   Life Cycle Processes},
  type = {ISO},
  number = {ISO 12207-2008},
  year = {2008}
}
@STANDARD{ISO-1219-1998,
  author = {ISO/IEEE},
  title = {IEEE Standard for Software Maintenance},
  type = {ISO},
  number = {ISO 1219-1998},
  year = {1998}
}

@BOOK{ISOIEC9126,
  title = {ISO/IEC 9126. Software engineering -- Product quality},
  publisher = {ISO/IEC},
  year = {2001},
  author = {ISO/IEC}
}
@inproceedings{mcgee2009software,
  title={A software requirements change source taxonomy},
  author={McGee, Sharon and Greer, Des},
  booktitle={Software Engineering Advances, 2009. ICSEA'09. Fourth International Conference on},
  pages={51--58},
  year={2009},
  organization={IEEE}
}
@article{maiden1996acre,
  title={ACRE: selecting methods for requirements acquisition},
  author={Maiden, Neil AM and Rugg, Gordon},
  journal={Software Engineering Journal},
  volume={11},
  number={3},
  pages={183--192},
  year={1996},
  publisher={IET}
}
@inproceedings{gegick2010identifying,
  title={Identifying security bug reports via text mining: An industrial case
		 study},
  author={Gegick, Michael and Rotella, Pete and Xie, Tao},
  booktitle={2010 7th IEEE Working Conference on Mining Software Repositories
			 (MSR 2010)},
  pages={11--20},
  year={2010},
  organization={IEEE}
}
@inproceedings{song2010jdf,
  title={JDF: detecting duplicate bug reports in Jazz},
  author={Song, Yoonki and Wang, Xiaoyin and Xie, Tao and Zhang, Lu and Mei, Hong},
  booktitle={Proceedings of the 32nd ACM/IEEE International Conference on Software Engineering-Volume 2},
  pages={315--316},
  year={2010},
  organization={ACM}
}
@inproceedings{nagwani2010predictive,
  title={Predictive data mining model for software bug estimation using average weighted similarity},
  author={Nagwani, Naresh Kumar and Verma, Shrish},
  booktitle={Advance Computing Conference (IACC), 2010 IEEE 2nd International},
  pages={373--378},
  year={2010},
  organization={IEEE}
}
@article{zimmermann2010makes,
  title={What makes a good bug report?},
  author={Zimmermann, Thomas and Premraj, Rahul and Bettenburg, Nicolas and Just, Sascha and Schroter, Adrian and Weiss, Cathrin},
  journal={IEEE Transactions on Software Engineering},
  volume={36},
  number={5},
  pages={618--643},
  year={2010},
  publisher={IEEE}
}

@inproceedings{wang2011bug,
  title={Which bug should I fix: helping new developers onboard a new project},
  author={Wang, Jianguo and Sarma, Anita},
  booktitle={Proceedings of the 4th International Workshop on Cooperative and Human Aspects of Software Engineering},
  pages={76--79},
  year={2011},
  organization={ACM}
}


@inproceedings{Aggarwal:2014:MIT:2593801.2593810,
 author = {Aggarwal, Ayushi and Waghmare, Gajendra and Sureka, Ashish},
 title = {Mining Issue Tracking Systems Using Topic Models for Trend Analysis, Corpus Exploration, and Understanding Evolution},
 booktitle = {Proceedings of the 3rd International Workshop on Realizing Artificial Intelligence Synergies in Software Engineering},
 series = {RAISE 2014},
 year = {2014},
 isbn = {978-1-4503-2846-3},
 location = {Hyderabad, India},
 pages = {52--58},
 numpages = {7},
 url = {http://doi.acm.org/10.1145/2593801.2593810},
 doi = {10.1145/2593801.2593810},
 acmid = {2593810},
 publisher = {ACM},
 address = {New York, NY, USA},
 keywords = {Bugs, Defect Tracking System, Google Chromium, Issue Tracking System, Latent Dirichlet Allocation, Software Maintenance, Topic Modeling},
} 

@inproceedings{Zhou:2012:BFM:2337223.2337226,
 author = {Zhou, Jian and Zhang, Hongyu and Lo, David},
 title = {Where Should the Bugs Be Fixed? - More Accurate Information Retrieval-based Bug Localization Based on Bug Reports},
 booktitle = {Proceedings of the 34th International Conference on Software Engineering},
 series = {ICSE '12},
 year = {2012},
 isbn = {978-1-4673-1067-3},
 location = {Zurich, Switzerland},
 pages = {14--24},
 numpages = {11},
 url = {http://dl.acm.org/citation.cfm?id=2337223.2337226},
 acmid = {2337226},
 publisher = {IEEE Press},
 address = {Piscataway, NJ, USA},
} 

@inproceedings{banitaan2013decoba,
  title={DECOBA: Utilizing Developers Communities in Bug Assignment},
  author={Banitaan, Shadi and Alenezi, Mamdouh},
  booktitle={Machine Learning and Applications (ICMLA), 2013 12th International Conference on},
  volume={2},
  pages={66--71},
  year={2013},
  organization={IEEE}
}

@inproceedings{corley2011recovering,
  title={Recovering traceability links between source code and fixed bugs via patch analysis},
  author={Corley, Christopher S and Kraft, Nicholas A and Etzkorn, Letha H and Lukins, Stacy K},
  booktitle={Proceedings of the 6th International Workshop on Traceability in Emerging Forms of Software Engineering},
  pages={31--37},
  year={2011},
  organization={ACM}
}

@inproceedings{hora2012bug,
  title={Bug maps: A tool for the visual exploration and analysis of bugs},
  author={Hora, Andre and Anquetil, Nicolas and Ducasse, Stephane and Bhatti, Muhammad and Couto, Cesar and Valente, Marco Tulio and Martins, Julio},
  booktitle={Software Maintenance and Reengineering (CSMR), 2012 16th European Conference on},
  pages={523--526},
  year={2012},
  organization={IEEE}
}

@inproceedings{izquierdo2015gila,
  title={Gila: Github label analyzer},
  author={Izquierdo, Javier Luis C{\'a}novas and Cosentino, Valerio and Rolandi, Bel{\'e}n and Bergel, Alexandre and Cabot, Jordi},
  booktitle={2015 IEEE 22nd International Conference on Software Analysis, Evolution, and Reengineering (SANER)},
  pages={479--483},
  year={2015},
  organization={IEEE}
}

@inproceedings{kochhar2014automatic,
  title={Automatic fine-grained issue report reclassification},
  author={Kochhar, Pavneet Singh and Thung, Ferdian and Lo, David},
  booktitle={Engineering of Complex Computer Systems (ICECCS), 2014 19th International Conference on},
  pages={126--135},
  year={2014},
  organization={IEEE}
}

@inproceedings{liu2014faceted,
  title={Faceted bug report search with topic model},
  author={Liu, Kaiping and Tan, Hee Beng Kuan},
  booktitle={Computer Software and Applications Conference (COMPSAC), 2014 IEEE 38th Annual},
  pages={123--128},
  year={2014},
  organization={IEEE}
}

@inproceedings{mani2012ausum,
  title={Ausum: approach for unsupervised bug report summarization},
  author={Mani, Senthil and Catherine, Rose and Sinha, Vibha Singhal and Dubey, Avinava},
  booktitle={Proceedings of the ACM SIGSOFT 20th International Symposium on the Foundations of Software Engineering},
  pages={11},
  year={2012},
  organization={ACM}
}

@inproceedings{nagwani2013generating,
  title={Generating taxonomic terms for software bug classification by utilizing topic models based on Latent Dirichlet Allocation},
  author={Nagwani, NK and Verma, Shalini and Mehta, Krunal K},
  booktitle={ICT and Knowledge Engineering (ICT\&KE), 2013 11th International Conference on},
  pages={1--5},
  year={2013},
  organization={IEEE}
}

@inproceedings{Nguyen:2012:MAR:2393596.2393671,
 author = {Nguyen, Anh Tuan and Nguyen, Tung Thanh and Nguyen, Hoan Anh and Nguyen, Tien N.},
 title = {Multi-layered Approach for Recovering Links Between Bug Reports and Fixes},
 booktitle = {Proceedings of the ACM SIGSOFT 20th International Symposium on the Foundations of Software Engineering},
 series = {FSE '12},
 year = {2012},
 isbn = {978-1-4503-1614-9},
 location = {Cary, North Carolina},
 pages = {63:1--63:11},
 articleno = {63},
 numpages = {11},
 url = {http://doi.acm.org/10.1145/2393596.2393671},
 doi = {10.1145/2393596.2393671},
 acmid = {2393671},
 publisher = {ACM},
 address = {New York, NY, USA},
 keywords = {bug-to-fix links, bugs, fixes, mining software repository},
} 

@inproceedings{otoom2016severity,
  title={Severity prediction of software bugs},
  author={Otoom, Ahmed Fawzi and Al-Shdaifat, Doaa and Hammad, Maen and Abdallah, Emad E},
  booktitle={2016 7th International Conference on Information and Communication Systems (ICICS)},
  pages={92--95},
  year={2016},
  organization={IEEE}
}


@inproceedings{Romo:2015:TAT:2745802.2745833,
 author = {Romo, Bilyaminu Auwal and Capiluppi, Andrea},
 title = {Towards an Automation of the Traceability of Bugs from Development Logs: A Study Based on Open Source Software},
 booktitle = {Proceedings of the 19th International Conference on Evaluation and Assessment in Software Engineering},
 series = {EASE '15},
 year = {2015},
 isbn = {978-1-4503-3350-4},
 location = {Nanjing, China},
 pages = {33:1--33:6},
 articleno = {33},
 numpages = {6},
 url = {http://doi.acm.org/10.1145/2745802.2745833},
 doi = {10.1145/2745802.2745833},
 acmid = {2745833},
 publisher = {ACM},
 address = {New York, NY, USA},
 keywords = {bug accuracy, bug traceability, bug-fixing commits},
} 

@inproceedings{dal2014bug,
  title={In∗ bug: Visual analytics of bug repositories},
  author={Dal Sasso, Tommaso and Lanza, Michele},
  booktitle={Software Maintenance, Reengineering and Reverse Engineering (CSMR-WCRE), 2014 Software Evolution Week-IEEE Conference on},
  pages={415--419},
  year={2014},
  organization={IEEE}
}

@inproceedings{thung2012would,
  title={When would this bug get reported?},
  author={Thung, Ferdian and Lo, David and Jiang, Lingxiao and Rahman, Foyzur and Devanbu, Premkumar T and others},
  booktitle={Software Maintenance (ICSM), 2012 28th IEEE International Conference on},
  pages={420--429},
  year={2012},
  organization={IEEE}
}

@article{tian2013drone,
  title={Drone: Predicting priority of reported bugs by multi-factor analysis},
  author={Tian, Yuan and Lo, David and Sun, Chengnian},
  year={2013},
  publisher={IEEE}
}


@inproceedings{tomavsev2013exploiting,
  title={Exploiting hubs for self-adaptive secondary re-ranking in bug report duplicate detection},
  author={Toma{\v{s}}ev, Nenad and Leban, Gregor and Mladeni{\'c}, Dunja},
  booktitle={Information Technology Interfaces (ITI), Proceedings of the ITI 2013 35th International Conference on},
  pages={131--136},
  year={2013},
  organization={IEEE}
}

@inproceedings{Sun2011,
  title={Towards more accurate retrieval of duplicate bug reports},
  author={Sun, Chengnian and Lo, David and Khoo, Siau-Cheng and Jiang, Jing},
  booktitle={Proceedings of the 2011 26th IEEE/ACM International Conference on Automated Software Engineering},
  pages={253--262},
  year={2011},
  organization={IEEE Computer Society}
}

@inproceedings{Wong:2014:BBF:2705615.2706096,
  title={Boosting Bug-Report-Oriented Fault Localization with Segmentation and Stack-Trace Analysis.},
  author={Wong, Chu-Pan and Xiong, Yingfei and Zhang, Hongyu and Hao, Dan and Zhang, Lu and Mei, Hong},
  booktitle={ICSME},
  pages={181--190},
  year={2014},
  organization={Citeseer}
}

@inproceedings{Bhattacharya:2011:BTP:1985441.1985472,
  title={Bug-fix time prediction models: can we do better?},
  author={Bhattacharya, Pamela and Neamtiu, Iulian},
  booktitle={Proceedings of the 8th Working Conference on Mining Software Repositories},
  pages={207--210},
  year={2011},
  organization={ACM}
}

@article{Wu2011a,
  title={BugMiner: Software reliability analysis via data mining of bug reports},
  author={Kaiser, Leon Wu Boyi Xie Gail and Passonneau, Rebecca},
  journal={delta},
  volume={12},
  number={10},
  pages={09--0500},
  year={2011}
}


@inproceedings{Naguib2013,
  title={Bug report assignee recommendation using activity profiles},
  author={Naguib, Hoda and Narayan, Nitesh and Br{\"u}gge, Bernd and Helal, Dina},
  booktitle={Mining Software Repositories (MSR), 2013 10th IEEE Working Conference on},
  pages={22--30},
  year={2013},
  organization={IEEE}
}

@inproceedings{Zhang2014,
  title={BUTTER: An Approach to Bug Triage with Topic Modeling and Heterogeneous Network Analysis},
  author={Zhang, Wen and Han, Guangle and Wang, Qing},
  booktitle={Cloud Computing and Big Data (CCBD), 2014 International Conference on},
  pages={62--69},
  year={2014},
  organization={IEEE}
}


@inproceedings{Zanetti2013,
  title={Categorizing bugs with social networks: a case study on four open source software communities},
  author={Zanetti, Marcelo Serrano and Scholtes, Ingo and Tessone, Claudio Juan and Schweitzer, Frank},
  booktitle={Proceedings of the 2013 International Conference on Software Engineering},
  pages={1032--1041},
  year={2013},
  organization={IEEE Press}
}


@inproceedings{ValdiviaGarcia:2014:CPB:2597073.2597099,
  title={Characterizing and predicting blocking bugs in open source projects},
  author={Valdivia Garcia, Harold and Shihab, Emad},
  booktitle={Proceedings of the 11th working conference on mining software repositories},
  pages={72--81},
  year={2014},
  organization={ACM}
}

@inproceedings{Xuan:2012:DPB:2337223.2337227,
  title={Developer prioritization in bug repositories},
  author={Xuan, Jifeng and Jiang, He and Ren, Zhilei and Zou, Weiqin},
  booktitle={2012 34th International Conference on Software Engineering (ICSE)},
  pages={25--35},
  year={2012},
  organization={IEEE}
}


@inproceedings{Wu2011,
  title={Drex: Developer recommendation with k-nearest-neighbor search and expertise ranking},
  author={Wu, Wenjin and Zhang, Wen and Yang, Ye and Wang, Qing},
  booktitle={2011 18th Asia-Pacific Software Engineering Conference},
  pages={389--396},
  year={2011},
  organization={IEEE}
}

@inproceedings{Thung2014,
  title={DupFinder: integrated tool support for duplicate bug report detection},
  author={Thung, Ferdian and Kochhar, Pavneet Singh and Lo, David},
  booktitle={Proceedings of the 29th ACM/IEEE international conference on Automated software engineering},
  pages={871--874},
  year={2014},
  organization={ACM}
}


@inproceedings{Moran:2015:EAA:2786805.2807557,
  title={Enhancing android application bug reporting},
  author={Moran, Kevin},
  booktitle={Proceedings of the 2015 10th Joint Meeting on Foundations of Software Engineering},
  pages={1045--1047},
  year={2015},
  organization={ACM}
}


@inproceedings{Lerch:2013:FDY:2495256.2495763,
  title={Finding duplicates of your yet unwritten bug report},
  author={Lerch, Johannes and Mezini, Mira},
  booktitle={Software Maintenance and Reengineering (CSMR), 2013 17th European Conference on},
  pages={69--78},
  year={2013},
  organization={IEEE}
}

@inproceedings{white2015generating,
  title={Generating reproducible and replayable bug reports from android application crashes},
  author={White, Martin and Linares-V{\'a}squez, Mario and Johnson, Peter and Bernal-C{\'a}rdenas, Carlos and Poshyvanyk, Denys},
  booktitle={2015 IEEE 23rd International Conference on Program Comprehension},
  pages={48--59},
  year={2015},
  organization={IEEE}
}



@inproceedings{Liu:2012:TBR:2393596.2393628,
  title={Generating reproducible and replayable bug reports from android application crashes},
  author={White, Martin and Linares-V{\'a}squez, Mario and Johnson, Peter and Bernal-C{\'a}rdenas, Carlos and Poshyvanyk, Denys},
  booktitle={2015 IEEE 23rd International Conference on Program Comprehension},
  pages={48--59},
  year={2015},
  organization={IEEE}
}


@inproceedings{Vijayakumar2014,
  title={How much effort needed to fix the bug? A data mining approach for effort estimation and analysing of bug report attributes in Firefox},
  author={Vijayakumar, K and Bhuvaneswari, V},
  booktitle={Intelligent Computing Applications (ICICA), 2014 International Conference on},
  pages={335--339},
  year={2014},
  organization={IEEE}
}


@inproceedings{Tian2012,
  title={Improved duplicate bug report identification},
  author={Tian, Yuan and Sun, Chengnian and Lo, David},
  booktitle={Software Maintenance and Reengineering (CSMR), 2012 16th European Conference on},
  pages={385--390},
  year={2012},
  organization={IEEE}
}


@inproceedings{Song2010a,
  title={JDF: detecting duplicate bug reports in Jazz},
  author={Song, Yoonki and Wang, Xiaoyin and Xie, Tao and Zhang, Lu and Mei, Hong},
  booktitle={Proceedings of the 32nd ACM/IEEE International Conference on Software Engineering-Volume 2},
  pages={315--316},
  year={2010},
  organization={ACM}
}


@inproceedings{Bangcharoensap:2012:LSC:2419061.2419428,
  title={Locating source code to be fixed based on initial bug reports-a case study on the eclipse project},
  author={Bangcharoensap, Phiradet and Ihara, Akinori and Kamei, Yasutaka and Matsumoto, Ken-ichi},
  booktitle={Empirical Software Engineering in Practice (IWESEP), 2012 Fourth International Workshop on},
  pages={10--15},
  year={2012},
  organization={IEEE}
}


@inproceedings{Nagwani2012,
  title={Predicting expert developers for newly reported bugs using frequent terms similarities of bug attributes},
  author={Nagwani, Naresh Kumar and Verma, Shrish},
  booktitle={2011 Ninth International Conference on ICT and Knowledge Engineering},
  pages={113--117},
  year={2012},
  organization={IEEE}
}

	
@inproceedings{Nagwani2010,
  title={Predictive data mining model for software bug estimation using average weighted similarity},
  author={Nagwani, Naresh Kumar and Verma, Shrish},
  booktitle={Advance Computing Conference (IACC), 2010 IEEE 2nd International},
  pages={373--378},
  year={2010},
  organization={IEEE}
}


@inproceedings{Correa2013b,
  title={Samekana: A Browser Extension for Including Relevant Web Links in Issue Tracking System Discussion Forum},
  author={Correa, Denzil and Lal, Sangeeta and Saini, Apoorv and Sureka, Ashish},
  booktitle={2013 20th Asia-Pacific Software Engineering Conference (APSEC)},
  volume={1},
  pages={25--33},
  year={2013},
  organization={IEEE}
}

@inproceedings{Bettenburg2008a,
  title={What makes a good bug report?},
  author={Bettenburg, Nicolas and Just, Sascha and Schr{\"o}ter, Adrian and Weiss, Cathrin and Premraj, Rahul and Zimmermann, Thomas},
  booktitle={Proceedings of the 16th ACM SIGSOFT International Symposium on Foundations of software engineering},
  pages={308--318},
  year={2008},
  organization={ACM}
}


@inproceedings{Tu:2014:MQI:2677832.2677844,
  title={Measuring the quality of issue tracking data},
  author={Tu, Feifei and Zhang, Feixue},
  booktitle={Proceedings of the 6th Asia-Pacific Symposium on Internetware on Internetware},
  pages={76--79},
  year={2014},
  organization={ACM}
}



@inproceedings{Hu:2014:EBT:2707683.2708297,
  title={Effective bug triage based on historical bug-fix information},
  author={Hu, Hao and Zhang, Hongyu and Xuan, Jifeng and Sun, Weigang},
  booktitle={2014 IEEE 25th International Symposium on Software Reliability Engineering},
  pages={122--132},
  year={2014},
  organization={IEEE}
}


@inproceedings{Koopaei:2015:CAD:2886444.2886474,
  title={CrashAutomata: an approach for the detection of duplicate crash reports based on generalizable automata},
  author={Koopaei, Neda Ebrahimi and Hamou-Lhadj, Abdelwahab},
  booktitle={Proceedings of the 25th Annual International Conference on Computer Science and Software Engineering},
  pages={201--210},
  year={2015},
  organization={IBM Corp.}
}

@inproceedings{Prifti2011,
  title={Detecting bug duplicate reports through local references},
  author={Prifti, Tomi and Banerjee, Sean and Cukic, Bojan},
  booktitle={Proceedings of the 7th International Conference on Predictive Models in Software Engineering},
  pages={8},
  year={2011},
  organization={ACM}
}


@inproceedings{White:2015:GRR:2820282.2820291,
  title={Generating reproducible and replayable bug reports from android application crashes},
  author={White, Martin and Linares-V{\'a}squez, Mario and Johnson, Peter and Bernal-C{\'a}rdenas, Carlos and Poshyvanyk, Denys},
  booktitle={2015 IEEE 23rd International Conference on Program Comprehension},
  pages={48--59},
  year={2015},
  organization={IEEE}
}

@article{Hovemeyer:2004:FBE:1052883.1052895,
 author = {Hovemeyer, David and Pugh, William},
 title = {Finding Bugs is Easy},
 journal = {SIGPLAN Not.},
 issue_date = {December 2004},
 volume = {39},
 number = {12},
 month = dec,
 year = {2004},
 issn = {0362-1340},
 pages = {92--106},
 numpages = {15},
 url = {http://doi.acm.org/10.1145/1052883.1052895},
 doi = {10.1145/1052883.1052895},
 acmid = {1052895},
 publisher = {ACM},
 address = {New York, NY, USA},
}

@inproceedings{thung2012faults,
  title={Are faults localizable?},
  author={Thung, Ferdian and Lo, David and Jiang, Lingxiao and others},
  booktitle={Mining Software Repositories (MSR), 2012 9th IEEE Working Conference on},
  pages={74--77},
  year={2012},
  organization={IEEE}
}

@inproceedings{kaushik2012comparative,
  title={A comparative study of the performance of ir models on duplicate bug detection},
  author={Kaushik, Nilam and Tahvildari, Ladan},
  booktitle={Software Maintenance and Reengineering (CSMR), 2012 16th European Conference on},
  pages={159--168},
  year={2012},
  organization={IEEE}
}

@inproceedings{tian2012improved,
  title={Improved duplicate bug report identification},
  author={Tian, Yuan and Sun, Chengnian and Lo, David},
  booktitle={Software Maintenance and Reengineering (CSMR), 2012 16th European Conference on},
  pages={385--390},
  year={2012},
  organization={IEEE}
}

@inproceedings{bettenburg2008duplicate,
  title={Duplicate bug reports considered harmful… really?},
  author={Bettenburg, Nicolas and Premraj, Rahul and Zimmermann, Thomas and Kim, Sunghun},
  booktitle={Software maintenance, 2008. ICSM 2008. IEEE international conference on},
  pages={337--345},
  year={2008},
  organization={IEEE}
}

@inproceedings{davidson2011coping,
  title={Coping with duplicate bug reports in free/open source software projects.},
  author={Davidson, Jennifer L and Mohan, Nitin and Jensen, Carlos},
  booktitle={VL/HCC},
  volume={11},
  pages={101--108},
  year={2011}
}

@inproceedings{di2002approach,
  title={An approach to classify software maintenance requests},
  author={Di Lucca, Giuseppe A and Di Penta, Massimiliano and Gradara, Sara},
  booktitle={Software Maintenance, 2002. Proceedings. International Conference on},
  pages={93--102},
  year={2002},
  organization={IEEE}
}

@inproceedings{aljarah2011selecting,
  title={Selecting discriminating terms for bug assignment: a formal analysis},
  author={Aljarah, Ibrahim and Banitaan, Shadi and Abufardeh, Sameer and Jin, Wei and Salem, Saeed},
  booktitle={Proceedings of the 7th International Conference on Predictive Models in Software Engineering},
  pages={12},
  year={2011},
  organization={ACM}
}
@inproceedings{antoniol2008bug,
  title={Is it a bug or an enhancement?: a text-based approach to classify change requests},
  author={Antoniol, Giuliano and Ayari, Kamel and Di Penta, Massimiliano and Khomh, Foutse and Gu{\'e}h{\'e}neuc, Yann-Ga{\"e}l},
  booktitle={Proceedings of the 2008 conference of the center for advanced studies on collaborative research: meeting of minds},
  pages={23},
  year={2008},
  organization={ACM}
}
@article{rugg2005sorting,
  title={The sorting techniques: a tutorial paper on card sorts, picture sorts
		 and item sorts},
  author={Rugg, Gordon and McGeorge, Peter},
  journal={Expert Systems},
  volume={22},
  number={3},
  pages={94--107},
  year={2005},
  publisher={Wiley Online Library}
}

@techreport{kasunic2005designing,
  title={Designing an effective survey},
  author={Kasunic, Mark},
  year={2005},
  institution={DTIC Document}
}

@article{pfleeger2001principles,
  title={Principles of survey research: part 1: turning lemons into lemonade},
  author={Pfleeger, Shari Lawrence and Kitchenham, Barbara A},
  journal={ACM SIGSOFT Software Engineering Notes},
  volume={26},
  number={6},
  pages={16--18},
  year={2001},
  publisher={ACM}
}

@article{pfleeger2002principles,
  title={Principles of survey research part 2: designing a survey},
  author={Pfleeger, Shari Lawrence and Kitchenham, Barbara A},
  journal={Software Engineering Notes},
  volume={27},
  number={1},
  pages={18--20},
  year={2002},
  publisher={ACM Press; 1999}
}

@article{de2015investigating,
  title={Investigating probabilistic sampling approaches for large-scale surveys in software engineering},
  author={de Mello, Rafael Maiani and Da Silva, Pedro Corr{\^e}a and Travassos, Guilherme Horta},
  journal={Journal of Software Engineering Research and Development},
  volume={3},
  number={1},
  pages={8},
  year={2015},
  publisher={Springer Berlin Heidelberg}
}

@inproceedings{de2014towards,
  title={Towards a framework to support large scale sampling in software engineering surveys},
  author={de Mello, Rafael Maiani and da Silva, Pedro Correa and Runeson, Per and Travassos, Guilherme Horta},
  booktitle={Proceedings of the 8th ACM/IEEE International Symposium on Empirical Software Engineering and Measurement},
  pages={48},
  year={2014},
  organization={ACM}
}
@book{thompson2012sampling,
  title={Sampling},
  author={Thompson, S.K.},
  isbn={9781118162941},
  series={CourseSmart},
  url={https://books.google.com.br/books?id=-sFtXLIdDiIC},
  year={2012},
  publisher={Wiley}
}

@article{roberts2004mortality,
  title={Mortality before and after the 2003 invasion of Iraq: cluster sample survey},
  author={Roberts, Les and Lafta, Riyadh and Garfield, Richard and Khudhairi, Jamal and Burnham, Gilbert},
  journal={The Lancet},
  volume={364},
  number={9448},
  pages={1857--1864},
  year={2004},
  publisher={Elsevier}
}

@article{liu2012schedule,
  title={Schedule of bad smell detection and resolution: A new way to save effort},
  author={Liu, Hui and Ma, Zhiyi and Shao, Weizhong and Niu, Zhendong},
  journal={IEEE Transactions on Software Engineering},
  volume={38},
  number={1},
  pages={220--235},
  year={2012},
  publisher={IEEE}
}

@book{pigoski1996practical,
  title={Practical software maintenance: best practices for managing your software investment},
  author={Pigoski, Thomas M},
  year={1996},
  publisher={Wiley Publishing}
}

@inproceedings{bertram2010communication,
  title={Communication, collaboration, and bugs: the social nature of issue tracking in small, collocated teams},
  author={Bertram, Dane and Voida, Amy and Greenberg, Saul and Walker, Robert},
  booktitle={Proceedings of the 2010 ACM conference on Computer supported cooperative work},
  pages={291--300},
  year={2010},
  organization={ACM}
}

@inproceedings{wohlin2014guidelines,
  title={Guidelines for snowballing in systematic literature studies and a replication in software engineering},
  author={Wohlin, Claes},
  booktitle={Proceedings of the 18th international conference on evaluation and assessment in software engineering},
  pages={38},
  year={2014},
  organization={ACM}
}

@article{kagdi2012assigning,
  title={Assigning change requests to software developers},
  author={Kagdi, Huzefa and Gethers, Malcom and Poshyvanyk, Denys and Hammad, Maen},
  journal={Journal of Software: Evolution and Process},
  volume={24},
  number={1},
  pages={3--33},
  year={2012},
  publisher={Wiley Online Library}
}

@article{sjoberg2005survey,
  title={A survey of controlled experiments in software engineering},
  author={Sj{\o}berg, Dag IK and Hannay, Jo Erskine and Hansen, Ove and Kampenes, Vigdis By and Karahasanovic, Amela and Liborg, N-K and Rekdal, Anette C},
  journal={IEEE transactions on software engineering},
  volume={31},
  number={9},
  pages={733--753},
  year={2005},
  publisher={IEEE}
}

@article{dybaa2006systematic,
  title={A systematic review of statistical power in software engineering experiments},
  author={Dyb{\aa}, Tore and Kampenes, Vigdis By and Sj{\o}berg, Dag IK},
  journal={Information and Software Technology},
  volume={48},
  number={8},
  pages={745--755},
  year={2006},
  publisher={Elsevier}
}

@book{tripathy2014software,
  title={Software Evolution and Maintenance},
  author={Tripathy, P. and Naik, K.},
  isbn={9780470603413},
  lccn={2014033541},
  url={https://books.google.com.br/books?id=0UXxBQAAQBAJ},
  year={2014},
  publisher={Wiley}
}

@inproceedings{ihara2009analysis,
  title={An analysis method for improving a bug modification process in open source software development},
  author={Ihara, Akinori and Ohira, Masao and Matsumoto, Ken-ichi},
  booktitle={Proceedings of the joint international and annual ERCIM workshops on Principles of software evolution (IWPSE) and software evolution (Evol) workshops},
  pages={135--144},
  year={2009},
  organization={ACM}
}

@article{singh2011bug,
  title={Bug tracking and reliability assessment system (btras)},
  author={Singh, VB and Chaturvedi, Krishna Kumar},
  journal={International Journal of Software Engineering and Its Applications},
  volume={5},
  number={4},
  pages={1--14},
  year={2011}
}
@article{zhang2016literature,
  title={A Literature Review of Research in Bug Resolution: Tasks, Challenges and Future Directions},
  author={Zhang, Tao and Jiang, He and Luo, Xiapu and Chan, Alvin TS},
  journal={The Computer Journal},
  volume={59},
  number={5},
  pages={741--773},
  year={2016},
  publisher={Br Computer Soc}
}
